Date,Instrument ID,Amount,Type,Balance,Remarks
30/09/2023,,806.14,DR,138.8,UPI/wxzl1c57mzin@okaxis/P2M/9vh19an5@oksbi/AxisBank
30/09/2023,478537,1636.58,CR,1775.38,UPI/aruecxmhokf1@okaxis
30/09/2023,,235.35,DR,1540.03,UPI/r5qv0clfs6mm@oksbi/P2M/5otit33a@ptbsi/Edara
30/09/2023,,846.79,CR,2386.82,UPI/7rn0e93qpfru@ybl
30/09/2023,849008,302.22,DR,2084.6,UPI/v9yujhm9ly77@ybl/P2M/egbfucry@oksbi/VENNA
30/09/2023,642717,481.65,DR,1602.95,UPI/9l764mm46hlf@okhdfc/P2M/las0tm0j@paytm/Airtel
30/09/2023,189750,115.51,DR,1487.44,UPI/0pfg80oh1tmc@ybl/P2M/b22erwnm@oksbi/AxisBank
30/09/2023,,758.93,CR,2246.37,UPI/sm0w05a1af3r@okhdfc
30/09/2023,,1175.61,DR,1070.76,UPI/tyryfsl48958@oksbi/P2M/4erv478c@ptbsi/AxisBank
30/09/2023,,463.21,DR,607.55,UPI/4m88eqh660f5@paytm/P2M/avjxmv3j@paytm/Paytm
30/09/2023,829537,247.23,DR,360.32,UPI/z0b5quwtufpl@paytm/P2M/l29l9kiq@ptbyl/Flipkart
29/09/2023,,28.39,DR,331.93,UPI/sjcm7harxvkb@oksbi/P2M/oij075o5@ptbsi/Paytm
29/09/2023,,4597.12,CR,4929.05,UPI/gwse6mue06qd@paytm
28/09/2023,772071,343.08,DR,4585.97,UPI/havcq8rc3p54@ybl/P2M/ujx4cwu5@paytm/VENNA
28/09/2023,,874.07,DR,3711.9,UPI/m1dv28tlhitv@paytm/P2M/e0sh5y1z@oksbi/Edara
28/09/2023,235951,1035.5,DR,2676.4,UPI/kdyjy31zcoiz@ybl/P2M/6k3k0py9@ptbyl/Airtel
28/09/2023,138709,990.32,DR,1686.08,UPI/yogkbmzdbmjl@okaxis/P2M/g89dpkuq@paytm/Amazon
28/09/2023,,1449.25,DR,236.83,UPI/bwtfa9k4rbs0@ybl/P2M/47nogcbf@oksbi/Paytm
28/09/2023,255565,219.04,DR,17.79,UPI/w44hrld8hvp3@ybl/P2M/3d9aroma@paytm/Airtel
27/09/2023,,11.01,DR,6.78,UPI/qc7aduno8b1u@okhdfc/P2M/mt35xtv0@ptbsi/Flipkart
27/09/2023,,1184.64,CR,1191.42,UPI/h83ne5hyu23r@axl
27/09/2023,388454,294.67,DR,896.75,UPI/5w04x52783vb@axl/P2M/0eyj92sc@oksbi/Flipkart
27/09/2023,196904,101.16,DR,795.59,UPI/6qw2ub5ym13z@ybl/P2M/p0fm8h5c@paytm/Chala
27/09/2023,146066,67.44,DR,728.15,UPI/v3bi7rsdsinx@oksbi/P2M/ejmazvfv@paytm/VENNA
26/09/2023,932075,338.02,DR,390.13,UPI/uloh0cxabyhj@ybl/P2M/z8vhlzgp@ptbsi/Amazon
26/09/2023,492132,371.52,DR,18.61,UPI/oletvbc7nyoo@okhdfc/P2M/6xti7gwm@paytm/VENNA
26/09/2023,,1009.13,CR,1027.74,UPI/b8h73px9uq7k@axl
26/09/2023,225911,2604.81,CR,3632.55,UPI/olanz0o5zead@paytm
26/09/2023,,1168.41,DR,2464.14,UPI/l6upvgt4tk3q@oksbi/P2M/td4edkk7@ptbyl/Airtel
26/09/2023,,3231.25,CR,5695.39,UPI/z5ftaw1i2p71@paytm
26/09/2023,,467.13,DR,5228.26,UPI/w9k67sd2aum1@okhdfc/P2M/kmljb0gc@oksbi/BigBazaar
26/09/2023,605686,189.7,DR,5038.56,UPI/kvuaked6lpw0@okaxis/P2M/3h1z1ljc@ptbyl/Edara
26/09/2023,364932,1404.73,DR,3633.83,UPI/6i4odtegzk1g@okaxis/P2M/kpcpkvgw@ptbsi/Flipkart
25/09/2023,,1381.05,DR,2252.78,UPI/nqcdo2pouyfo@ybl/P2M/f75aiycd@ptbsi/Paytm
25/09/2023,,366.74,DR,1886.04,UPI/t1m4lntcgomw@oksbi/P2M/39ts3mdg@ptbyl/Paytm
25/09/2023,509164,819.09,DR,1066.95,UPI/aue708pyauv1@okhdfc/P2M/4b3fl734@ptbyl/VENNA
25/09/2023,,377.51,DR,689.44,UPI/drqtlf85dswl@paytm/P2M/ju2vmsju@ptbsi/AxisBank
25/09/2023,261220,675.72,DR,13.72,UPI/7r145d1z3k87@ybl/P2M/d5qwqd7u@paytm/AxisBank
25/09/2023,902515,3685.33,CR,3699.05,UPI/x770uuplwc92@paytm
24/09/2023,,256.12,DR,3442.93,UPI/esdvpohx75o2@axl/P2M/xwtbndbe@ptbsi/AxisBank
24/09/2023,,819.02,DR,2623.91,UPI/ks54vqdeoq9j@okhdfc/P2M/9djidwj5@ptbyl/Airtel
24/09/2023,,133.29,DR,2490.62,UPI/qoknvdc2ha3c@okhdfc/P2M/pn7a3ens@oksbi/Airtel
24/09/2023,,793.99,DR,1696.63,UPI/rj0dshfw4bnx@paytm/P2M/fwv3domj@ptbsi/Paytm
24/09/2023,,1180.88,DR,515.75,UPI/bumvl22xsxgg@okaxis/P2M/p52nmg0z@oksbi/AxisBank
24/09/2023,,131.72,DR,384.03,UPI/b900uroq149l@ybl/P2M/i7wh5sgc@oksbi/Airtel
24/09/2023,,41.49,DR,342.54,UPI/f3427urvgwc0@oksbi/P2M/36ds52z3@ptbsi/Airtel
24/09/2023,,204.78,DR,137.76,UPI/0c83vumnkni9@ybl/P2M/8fnn7des@ptbyl/VENNA
23/09/2023,,20.61,DR,117.15,UPI/5xcqdlq76gim@paytm/P2M/l69qrj7x@ptbsi/Paytm
23/09/2023,,443.17,CR,560.32,UPI/b39g6hev3xyv@okaxis
23/09/2023,,343.24,DR,217.08,UPI/owfwpcfgh60g@okaxis/P2M/6c0nyk1f@paytm/VENNA
23/09/2023,319426,932.12,CR,1149.2,UPI/l8zfsiu3mp78@axl
23/09/2023,749396,580.85,DR,568.35,UPI/i6yov6x81tz0@paytm/P2M/esxgp0x5@oksbi/Flipkart
22/09/2023,789472,208.12,DR,360.23,UPI/lii9j1xjvmjf@oksbi/P2M/2w36rrar@paytm/Edara
22/09/2023,,69.89,DR,290.34,UPI/za9d5mgr3o1t@axl/P2M/y05fg7zo@ptbyl/Amazon
22/09/2023,,4283.84,CR,4574.18,UPI/v1cfjw3rgd0y@okaxis
22/09/2023,449110,1474.37,DR,3099.81,UPI/bm9c893tia9s@oksbi/P2M/ociy5dux@ptbsi/AxisBank
22/09/2023,630460,4058.66,CR,7158.47,UPI/23mxqe1bnu5y@okaxis
22/09/2023,,985.81,DR,6172.66,UPI/clshyjej24kl@okhdfc/P2M/3oh72xul@oksbi/Flipkart
22/09/2023,,2688.67,CR,8861.33,UPI/xwy8hugszxap@okaxis
22/09/2023,,1349.56,DR,7511.77,UPI/del9xzx79l0u@paytm/P2M/vmvw5c8v@ptbyl/Chala
22/09/2023,616275,1428.32,DR,6083.45,UPI/cz8jv4oc6g7d@oksbi/P2M/urf686qd@ptbyl/Paytm
22/09/2023,650458,527.61,DR,5555.84,UPI/tdcaaq7yc19z@axl/P2M/5kky6xh4@paytm/VENNA
22/09/2023,,576.54,DR,4979.3,UPI/otogcn443cx4@paytm/P2M/ikxu90au@ptbyl/VENNA
21/09/2023,125278,1349.27,DR,3630.03,UPI/1t04ry10bgln@oksbi/P2M/i6yl5zqb@oksbi/Flipkart
21/09/2023,,1423.43,DR,2206.6,UPI/nrp9kbr2u37e@okaxis/P2M/e2db7yoy@ptbyl/Paytm
21/09/2023,697866,4631.58,CR,6838.18,UPI/fens8c0lbwnq@okaxis
21/09/2023,,967.23,DR,5870.95,UPI/lt3pnvvd5hpg@paytm/P2M/5tv12hmp@oksbi/Edara
21/09/2023,,4048.26,CR,9919.21,UPI/qad12758x6wz@ybl
21/09/2023,328806,1219.46,DR,8699.75,UPI/4lvn4s2l0m90@oksbi/P2M/m90eb6n0@ptbyl/Paytm
21/09/2023,,57.76,DR,8641.99,UPI/yoodk46c9gzr@okaxis/P2M/qgpaqsu9@ptbyl/Airtel
21/09/2023,,574.42,DR,8067.57,UPI/9bdwkbrlxu0g@axl/P2M/ljzh5l2w@oksbi/VENNA
21/09/2023,161141,533.32,DR,7534.25,UPI/tnwcexxlvvf8@oksbi/P2M/u8l2vfv7@ptbyl/Flipkart
21/09/2023,139340,1028.23,DR,6506.02,UPI/fdhf8elldq54@ybl/P2M/2chomko5@oksbi/VENNA
21/09/2023,707748,746.6,DR,5759.42,UPI/dhavfm023gvi@paytm/P2M/76nmpwky@oksbi/BigBazaar
21/09/2023,,133.08,DR,5626.34,UPI/28qlpfztjn5t@axl/P2M/arj9vj3z@ptbsi/AxisBank
21/09/2023,,207.71,DR,5418.63,UPI/rb6d8efgxsrs@okhdfc/P2M/x15ddxv9@ptbyl/Flipkart
21/09/2023,895193,83.9,DR,5334.73,UPI/dofkhszcwjyc@axl/P2M/gn6eu0ux@oksbi/Chala
20/09/2023,421936,12.66,DR,5322.07,UPI/lk3xo15p2utf@okaxis/P2M/k21uze73@ptbyl/Edara
20/09/2023,712532,2383.9,CR,7705.97,UPI/awxyd30tr9m4@paytm
20/09/2023,269968,327.52,DR,7378.45,UPI/snkhq54e89r9@okhdfc/P2M/9n1stu0p@ptbsi/AxisBank
20/09/2023,,1255.15,DR,6123.3,UPI/bw75hk5tjqxy@ybl/P2M/t0wv0tb9@ptbyl/Paytm
20/09/2023,,446.98,CR,6570.28,UPI/xmdvf0dt7uys@ybl
20/09/2023,,1423.16,DR,5147.12,UPI/si3tala9fnm2@axl/P2M/dakkpzat@ptbsi/BigBazaar
20/09/2023,892554,1206.62,DR,3940.5,UPI/e4sdggc71k3g@oksbi/P2M/dz42iwfo@ptbsi/AxisBank
20/09/2023,,449.01,DR,3491.49,UPI/3ldb8wa55xmh@paytm/P2M/a09baytj@ptbyl/Airtel
20/09/2023,,1021.33,DR,2470.16,UPI/iohra4uqa8y6@ybl/P2M/umw0zfs5@ptbsi/BigBazaar
20/09/2023,,854.1,DR,1616.06,UPI/epvby4emiynj@okaxis/P2M/y53yt2gn@paytm/Amazon
20/09/2023,,132.65,DR,1483.41,UPI/4560a4i78hbf@ybl/P2M/nx2bhw3t@paytm/Chala
20/09/2023,,1420.02,DR,63.39,UPI/6ka4ik3mirq6@okhdfc/P2M/9ho5hxqv@oksbi/BigBazaar
20/09/2023,,3677.2,CR,3740.59,UPI/sp9ija9579ar@axl
19/09/2023,377881,520.83,DR,3219.76,UPI/syp4g53rwp78@ybl/P2M/4fisw42e@ptbyl/BigBazaar
19/09/2023,,845.29,DR,2374.47,UPI/p5mybo8abi3f@okaxis/P2M/siszhw7x@paytm/VENNA
19/09/2023,975429,510.15,DR,1864.32,UPI/ifqezhvb5s5q@paytm/P2M/of4gsfdn@paytm/BigBazaar
19/09/2023,,515.73,DR,1348.59,UPI/syb1i0s25pby@ybl/P2M/8q5ata24@ptbsi/Paytm
19/09/2023,183199,248.93,DR,1099.66,UPI/gcy46c93yznv@ybl/P2M/dwbz6wew@ptbyl/VENNA
19/09/2023,,748.6,DR,351.06,UPI/vuc5bl4wm6m9@okaxis/P2M/hqgfx8n9@paytm/Flipkart
19/09/2023,737562,923.96,CR,1275.02,UPI/00lytpkjs4el@oksbi
19/09/2023,266943,875.01,DR,400.01,UPI/ckryrkc4i5po@axl/P2M/2akf0r4b@paytm/Amazon
19/09/2023,692206,4577.67,CR,4977.68,UPI/ubgq6hpw8zwt@axl
19/09/2023,,331.34,DR,4646.34,UPI/ov0lc24r2cdg@oksbi/P2M/8hpe2i6x@oksbi/VENNA
19/09/2023,392055,91.32,DR,4555.02,UPI/icgj5up8zens@oksbi/P2M/y4xsyp2o@oksbi/Airtel
19/09/2023,,4695.92,CR,9250.94,UPI/gdetxldbnloh@axl
19/09/2023,,1396.45,DR,7854.49,UPI/q741olk2p46v@oksbi/P2M/3dk7shc6@oksbi/Flipkart
18/09/2023,,81.58,DR,7772.91,UPI/x1812bianzrg@oksbi/P2M/riotgh8e@oksbi/Edara
18/09/2023,,1312.4,DR,6460.51,UPI/umqewh1p731o@paytm/P2M/7uethotc@ptbsi/Airtel
18/09/2023,,1496.1,DR,4964.41,UPI/5ls9oloibg7x@okaxis/P2M/kifob1s5@paytm/Chala
18/09/2023,244813,93.16,DR,4871.25,UPI/gjafysjfw7r0@paytm/P2M/a6urum6l@ptbsi/Airtel
18/09/2023,,562.64,DR,4308.61,UPI/ynv7sl269rc8@axl/P2M/j3ohgnoa@ptbsi/Paytm
18/09/2023,871225,791.99,CR,5100.6,UPI/onmat1nl0biv@paytm
18/09/2023,172029,1067.64,DR,4032.96,UPI/10mizm7svqr8@okhdfc/P2M/rqxqud3l@ptbsi/Flipkart
18/09/2023,,215.79,DR,3817.17,UPI/wcy3r345ine6@paytm/P2M/a3hlcnbu@ptbsi/AxisBank
18/09/2023,,1200.39,DR,2616.78,UPI/g10cmnvpjxgq@axl/P2M/gbhq207q@ptbsi/VENNA
18/09/2023,773608,60.57,DR,2556.21,UPI/fmsgfbvuuuvr@okhdfc/P2M/ild8o72u@ptbyl/Amazon
18/09/2023,251736,256.0,DR,2300.21,UPI/nv0vdetshtzt@axl/P2M/cdpyhul4@ptbyl/Airtel
18/09/2023,,1499.34,DR,800.87,UPI/gsagylng0ze6@okaxis/P2M/it7bpxep@ptbyl/Chala
18/09/2023,,299.01,DR,501.86,UPI/d224pj3mak0u@paytm/P2M/yiej0o9w@ptbyl/AxisBank
17/09/2023,,4322.4,CR,4824.26,UPI/yly5oae1meyf@paytm
17/09/2023,305155,2532.51,CR,7356.77,UPI/9lxbzp5y7mi5@oksbi
17/09/2023,758132,1477.29,DR,5879.48,UPI/jswv90hcviin@okaxis/P2M/kqi0iue5@ptbyl/Edara
17/09/2023,,786.71,DR,5092.77,UPI/4dmo8vg57qwh@paytm/P2M/vljwrllf@ptbsi/Paytm
17/09/2023,,639.97,DR,4452.8,UPI/gexkz5slsbus@okaxis/P2M/b84im3tl@ptbyl/Chala
17/09/2023,,247.2,CR,4700.0,UPI/04x9iciv8kl4@okhdfc
17/09/2023,,671.67,DR,4028.33,UPI/cukq26vgnvfg@okhdfc/P2M/by4u89qc@oksbi/AxisBank
17/09/2023,675877,2198.65,CR,6226.98,UPI/u2hlwng72nru@okaxis
17/09/2023,328359,15.8,DR,6211.18,UPI/5yiolbrqu3vm@okaxis/P2M/msq1d39j@oksbi/VENNA
17/09/2023,584742,49.3,DR,6161.88,UPI/kzkhojb8ob5z@oksbi/P2M/7kuc8dqu@oksbi/Edara
17/09/2023,,611.62,DR,5550.26,UPI/17w6iorlz9oy@okaxis/P2M/qcvdkl6c@oksbi/Paytm
17/09/2023,,1174.86,DR,4375.4,UPI/1y2wwlwrwbyx@okaxis/P2M/tjwvjc2c@ptbyl/Amazon
16/09/2023,694989,388.59,DR,3986.81,UPI/exe676r5traf@paytm/P2M/7u3f5ash@paytm/Chala
16/09/2023,,253.93,DR,3732.88,UPI/daqcp174194e@axl/P2M/qaj5vdmq@ptbsi/VENNA
16/09/2023,,223.46,DR,3509.42,UPI/7t6oehrwwpuy@ybl/P2M/8hit20y0@ptbsi/Edara
16/09/2023,431961,1178.22,CR,4687.64,UPI/byc3l5q190dx@okhdfc
16/09/2023,,936.24,DR,3751.4,UPI/j7jv9xebni4t@paytm/P2M/xq41dpdz@ptbyl/Paytm
16/09/2023,193849,415.36,DR,3336.04,UPI/5e4g5816gpg6@ybl/P2M/71euxhop@ptbsi/VENNA
16/09/2023,,1061.89,DR,2274.15,UPI/2hgqxebqfg10@axl/P2M/km3juoxo@ptbyl/Edara
16/09/2023,,182.15,DR,2092.0,UPI/o6qx0j54w4b7@ybl/P2M/ou3xoi8g@ptbsi/Flipkart
16/09/2023,112259,1056.17,DR,1035.83,UPI/4zikrrrcf9yl@paytm/P2M/wvumk3cd@ptbsi/BigBazaar
16/09/2023,,532.3,DR,503.53,UPI/7x4o6v020sdo@okhdfc/P2M/hsevb0h1@paytm/Airtel
16/09/2023,,404.27,DR,99.26,UPI/bvkdj33gu2jk@okaxis/P2M/scngwir7@oksbi/Edara
16/09/2023,,4047.11,CR,4146.37,UPI/enahsc7xcqux@ybl
16/09/2023,454548,443.04,DR,3703.33,UPI/bj9h9wclmyp2@okaxis/P2M/kkigp62j@paytm/Airtel
15/09/2023,,1109.29,DR,2594.04,UPI/iqfswqdnar20@paytm/P2M/rsvav605@oksbi/Flipkart
15/09/2023,632536,1063.03,DR,1531.01,UPI/hj5dpf4agwgu@axl/P2M/z8be7o0p@ptbyl/BigBazaar
15/09/2023,,229.04,DR,1301.97,UPI/p59yt8t535nf@oksbi/P2M/yhsik4yb@ptbsi/BigBazaar
15/09/2023,160805,1065.42,DR,236.55,UPI/asuupvpiep32@oksbi/P2M/tdg3ec2f@paytm/Airtel
15/09/2023,,167.81,DR,68.74,UPI/cgghfv400t5i@okaxis/P2M/ktl1jphu@ptbyl/Chala
14/09/2023,,28.19,DR,40.55,UPI/5nwq3oh1g5wt@okhdfc/P2M/3jfrc553@oksbi/Paytm
13/09/2023,437517,2840.74,CR,2881.29,UPI/4yifpbngz88l@okhdfc
13/09/2023,121550,39.05,DR,2842.24,UPI/t4uswbq0uivo@okaxis/P2M/o8r4ra2q@ptbsi/BigBazaar
13/09/2023,,1491.17,DR,1351.07,UPI/8t64jimkvdv7@okaxis/P2M/snt5h4ty@ptbyl/BigBazaar
13/09/2023,,499.11,DR,851.96,UPI/uyl1clf2kwj8@oksbi/P2M/mm8opp8r@paytm/Airtel
13/09/2023,398472,781.79,DR,70.17,UPI/k7v0ouzx6p3k@okhdfc/P2M/v9rjw6ki@oksbi/VENNA
12/09/2023,,4173.49,CR,4243.66,UPI/wrvghjno0hev@oksbi
12/09/2023,106187,1331.5,DR,2912.16,UPI/lqfwk0mfkcyk@okaxis/P2M/557om9r4@ptbsi/BigBazaar
12/09/2023,425021,3734.42,CR,6646.58,UPI/gluidc0h7f6w@ybl
12/09/2023,281183,55.78,DR,6590.8,UPI/4nmns98dhhjf@axl/P2M/r9q9wxe5@paytm/Chala
12/09/2023,653655,580.31,CR,7171.11,UPI/bc9lsqjwnwy6@ybl
12/09/2023,,640.38,DR,6530.73,UPI/bd8ai74bfsrx@okaxis/P2M/fu4b2i8t@ptbsi/AxisBank
12/09/2023,,990.5,DR,5540.23,UPI/9fth30hhzq52@okaxis/P2M/xlqxg96a@oksbi/Edara
12/09/2023,,280.01,DR,5260.22,UPI/zj50t8io2u9x@okaxis/P2M/bku7uzaq@ptbyl/Paytm
12/09/2023,,4972.83,CR,10233.05,UPI/t2to0nazko61@paytm
12/09/2023,799578,928.7,DR,9304.35,UPI/2pshj6lhka3d@paytm/P2M/s27k7arg@ptbyl/BigBazaar
12/09/2023,763533,987.34,DR,8317.01,UPI/g0534wk4yv8y@oksbi/P2M/r571mjd1@oksbi/AxisBank
11/09/2023,416431,895.12,CR,9212.13,UPI/y1a7k8js022o@oksbi
11/09/2023,,332.72,DR,8879.41,UPI/xioreg8y1rrc@paytm/P2M/vhvmagla@ptbyl/Chala
11/09/2023,,234.17,DR,8645.24,UPI/5yv20o3vnpoj@okhdfc/P2M/zlwzgbku@ptbyl/Flipkart
11/09/2023,922172,1371.95,CR,10017.19,UPI/bojmelp2x9fo@ybl
11/09/2023,468497,1041.84,DR,8975.35,UPI/569gvkfgtaws@paytm/P2M/n7lkfx4k@ptbyl/VENNA
11/09/2023,,637.85,DR,8337.5,UPI/sb9inpyndclz@okaxis/P2M/2okkmteh@paytm/Airtel
11/09/2023,503564,349.18,DR,7988.32,UPI/otif7y4kgw1t@paytm/P2M/xueqdoj8@oksbi/VENNA
11/09/2023,616832,1266.62,DR,6721.7,UPI/qjui2547r7tg@axl/P2M/cnzmsh32@oksbi/Airtel
11/09/2023,,1497.68,DR,5224.02,UPI/h2uhi4ysst9f@axl/P2M/oo1f4y8t@ptbsi/Airtel
11/09/2023,825563,120.25,DR,5103.77,UPI/gceln98ooty2@paytm/P2M/mitxw95x@oksbi/Amazon
11/09/2023,319045,976.22,DR,4127.55,UPI/3q4r08riw1h2@axl/P2M/8e13lpdd@ptbsi/Edara
11/09/2023,,343.6,DR,3783.95,UPI/6rt9frm4zzzz@okaxis/P2M/mfdjpfb9@ptbyl/Chala
11/09/2023,,87.47,DR,3696.48,UPI/38ml5qmwscyh@ybl/P2M/6346qsnu@oksbi/Flipkart
11/09/2023,,1035.9,DR,2660.58,UPI/uyzqhsd8cxv2@okaxis/P2M/7ftef5jp@oksbi/VENNA
10/09/2023,,669.77,DR,1990.81,UPI/ohsr6xyjsmk2@oksbi/P2M/yamx87xu@ptbsi/Flipkart
10/09/2023,,183.18,DR,1807.63,UPI/h6fe2p9zxb94@axl/P2M/3ro29eu3@oksbi/Edara
10/09/2023,975164,1403.58,DR,404.05,UPI/i8qkuqu9qfog@okaxis/P2M/mwoxf28i@ptbsi/Airtel
10/09/2023,,394.23,DR,9.82,UPI/i36q1dxao1qh@okhdfc/P2M/6qgggega@paytm/AxisBank
10/09/2023,,3712.15,CR,3721.97,UPI/zccynaoy6x3i@ybl
10/09/2023,929385,1233.14,DR,2488.83,UPI/cqolw1r83yn7@okaxis/P2M/8bz02hdi@ptbsi/VENNA
10/09/2023,,1408.32,DR,1080.51,UPI/xn8fvhzrd4cl@oksbi/P2M/gy1yg8cd@paytm/Amazon
10/09/2023,,2010.54,CR,3091.05,UPI/zab4wey4cmek@paytm
10/09/2023,,339.48,DR,2751.57,UPI/0lvtyu2clbj7@paytm/P2M/97xzcaxa@ptbsi/Edara
10/09/2023,,52.81,DR,2698.76,UPI/2l1dmb4n8yrf@ybl/P2M/w2808s60@paytm/Amazon
10/09/2023,,981.37,DR,1717.39,UPI/phv4kulbu7qc@ybl/P2M/jk1isg7y@ptbsi/AxisBank
10/09/2023,391334,186.52,DR,1530.87,UPI/jnepn7jdopjq@okhdfc/P2M/4vkc8uxe@oksbi/BigBazaar
09/09/2023,,597.75,DR,933.12,UPI/a0rp87l4086v@okaxis/P2M/zx7x4k12@ptbyl/Airtel
09/09/2023,,510.36,DR,422.76,UPI/qjhgeyvm91kd@okhdfc/P2M/1i31yl34@paytm/Amazon
09/09/2023,,204.81,DR,217.95,UPI/7118deletw8p@axl/P2M/k0tqjjc1@paytm/Amazon
09/09/2023,219681,30.24,DR,187.71,UPI/3d5afiwwfpd7@paytm/P2M/5mdvyejb@oksbi/BigBazaar
08/09/2023,,101.09,DR,86.62,UPI/7w0b6bblb4ys@ybl/P2M/d9z4rtap@ptbyl/BigBazaar
08/09/2023,,1259.53,CR,1346.15,UPI/vanpk65f4hc3@okhdfc
08/09/2023,447350,1027.63,DR,318.52,UPI/s3h7bao0yq3h@oksbi/P2M/hbj1iceo@oksbi/BigBazaar
08/09/2023,,208.79,DR,109.73,UPI/y196ykwb4xag@paytm/P2M/oeho49z0@paytm/BigBazaar
07/09/2023,212855,81.27,DR,28.46,UPI/67aj87ity6ec@oksbi/P2M/bo9f1jle@paytm/Flipkart
07/09/2023,,3260.28,CR,3288.74,UPI/88vsthvill1p@paytm
07/09/2023,,1180.74,CR,4469.48,UPI/6tibbc9m15e8@okaxis
07/09/2023,920200,209.69,DR,4259.79,UPI/4lntpse6n4am@axl/P2M/0qt1zfgz@ptbyl/BigBazaar
07/09/2023,263161,975.84,DR,3283.95,UPI/2j016zivkjqo@oksbi/P2M/i2f0755w@paytm/Chala
07/09/2023,457784,1118.95,DR,2165.0,UPI/q5zyhp8zo9y0@okhdfc/P2M/ynm6m1v3@ptbyl/Paytm
07/09/2023,,115.12,DR,2049.88,UPI/srmktd25rlm4@oksbi/P2M/2bs87hbv@ptbyl/Flipkart
07/09/2023,639161,421.55,DR,1628.33,UPI/2cu8o27yvezz@oksbi/P2M/r9u5hhwe@ptbsi/BigBazaar
06/09/2023,291505,3092.96,CR,4721.29,UPI/1opdpczlhvy5@okaxis
06/09/2023,806314,214.16,DR,4507.13,UPI/8ky9k6vyz7xm@oksbi/P2M/ps2lsxeo@ptbyl/Edara
06/09/2023,366873,798.43,DR,3708.7,UPI/0oo9cnyjls9t@oksbi/P2M/b2utl9lk@paytm/BigBazaar
06/09/2023,625865,2604.01,CR,6312.71,UPI/9a8v3sg5pndk@ybl
06/09/2023,930016,1142.18,DR,5170.53,UPI/qlvy83ldant2@paytm/P2M/xwci69tt@ptbyl/Amazon
06/09/2023,886388,600.21,DR,4570.32,UPI/7jb3wr7cdgij@okaxis/P2M/073pzm23@ptbyl/VENNA
06/09/2023,,1079.0,DR,3491.32,UPI/ic1mkuh7e7gt@okaxis/P2M/94zznf0y@ptbyl/Amazon
06/09/2023,,14.65,DR,3476.67,UPI/uiia1hw7xsa9@paytm/P2M/lakg35lt@ptbyl/Airtel
06/09/2023,311021,935.1,DR,2541.57,UPI/xtifmd5bx2ca@okhdfc/P2M/1t1f1a4d@oksbi/Edara
06/09/2023,384937,970.45,DR,1571.12,UPI/wlkf66itzey1@okaxis/P2M/gx3iv1hq@oksbi/AxisBank
06/09/2023,,1291.22,DR,279.9,UPI/0qkjj2xyfpi4@ybl/P2M/l4hxse23@ptbyl/AxisBank
05/09/2023,355491,179.58,DR,100.32,UPI/v6lqmeesmxlq@okaxis/P2M/j1e0jvcn@paytm/BigBazaar
05/09/2023,,2666.8,CR,2767.12,UPI/7yfxfmn96pdr@axl
05/09/2023,939266,1139.08,DR,1628.04,UPI/3g3r90ixaokw@oksbi/P2M/9s4f0c4q@oksbi/Flipkart
05/09/2023,,195.42,CR,1823.46,UPI/52wp24cm2pqs@oksbi
05/09/2023,,967.52,DR,855.94,UPI/7qe6jlpou319@paytm/P2M/gq99qrge@oksbi/Amazon
05/09/2023,,139.51,DR,716.43,UPI/q3t5uputovwr@okaxis/P2M/jq2pr4xz@paytm/Chala
05/09/2023,934272,314.03,DR,402.4,UPI/xov4o0mpvio5@paytm/P2M/eghyz036@ptbyl/Airtel
05/09/2023,,17.41,DR,384.99,UPI/jyfns9kxexyq@oksbi/P2M/qgsga19i@ptbsi/Airtel
04/09/2023,,82.19,DR,302.8,UPI/j4qlih9khxzh@okhdfc/P2M/lvxwkhuy@paytm/VENNA
04/09/2023,782592,224.14,DR,78.66,UPI/zsm0h2zjgpmt@ybl/P2M/w420ziwd@ptbsi/Paytm
04/09/2023,,2270.62,CR,2349.28,UPI/72vswaszx485@axl
04/09/2023,899044,1302.33,CR,3651.61,UPI/18at4olhgqar@paytm
04/09/2023,422978,1376.77,DR,2274.84,UPI/newh2iz7q5us@oksbi/P2M/f6py6jmc@ptbsi/Paytm
04/09/2023,,1479.9,DR,794.94,UPI/a159e1a89iow@okaxis/P2M/a0jc22ym@oksbi/Airtel
04/09/2023,,4004.47,CR,4799.41,UPI/ckeawrz4yfaq@axl
04/09/2023,,4129.42,CR,8928.83,UPI/yw7c0mpgci4r@oksbi
04/09/2023,303040,1102.49,DR,7826.34,UPI/4mvjxjprokzy@okaxis/P2M/ws759c83@oksbi/Edara
04/09/2023,,1214.95,DR,6611.39,UPI/tnstgjgugbiv@axl/P2M/f0sjbtg5@paytm/Chala
04/09/2023,,1205.35,DR,5406.04,UPI/exx8pttlf1pv@okhdfc/P2M/jco063tn@paytm/VENNA
04/09/2023,,247.08,DR,5158.96,UPI/vc79hyowxgja@ybl/P2M/vup85yam@oksbi/VENNA
04/09/2023,899484,391.62,CR,5550.58,UPI/mc8gn7lasxqt@ybl
04/09/2023,,560.14,DR,4990.44,UPI/zi48nq4qrw8l@axl/P2M/mjf7szxg@ptbsi/Paytm
03/09/2023,538532,1387.13,DR,3603.31,UPI/vbub4urq7amq@oksbi/P2M/2bj8exwu@oksbi/Chala
03/09/2023,,377.4,DR,3225.91,UPI/j6oab3ot6rh8@okhdfc/P2M/l78cikli@paytm/Chala
03/09/2023,,1319.06,DR,1906.85,UPI/71uksj54h84u@okhdfc/P2M/sqw82ngg@paytm/VENNA
03/09/2023,113012,788.53,DR,1118.32,UPI/qsr6rewo5lbw@okaxis/P2M/5huzvrk0@ptbsi/Amazon
03/09/2023,,555.85,DR,562.47,UPI/p3gnmbwj2lb8@oksbi/P2M/epiu6d42@ptbyl/BigBazaar
03/09/2023,,184.08,DR,378.39,UPI/jaf9wzqko0up@oksbi/P2M/k3l8k991@ptbyl/Chala
03/09/2023,131649,151.6,DR,226.79,UPI/jt242vg56x73@paytm/P2M/xeyhvxn1@oksbi/Amazon
03/09/2023,556927,98.58,DR,128.21,UPI/iq1d95aegcbz@paytm/P2M/u2tqh6h4@paytm/Chala
02/09/2023,,3513.21,CR,3641.42,UPI/5yk1tgyw69z6@okaxis
02/09/2023,898128,1375.45,DR,2265.97,UPI/a9e3js129vfr@oksbi/P2M/mpwdergt@ptbsi/Amazon
02/09/2023,804765,157.28,DR,2108.69,UPI/vybpi2jtwr1m@paytm/P2M/3rorg052@paytm/Chala
02/09/2023,,676.54,DR,1432.15,UPI/zx7e9q65uo0a@paytm/P2M/j63to43h@oksbi/Chala
02/09/2023,,1061.6,DR,370.55,UPI/fd77meclffgy@paytm/P2M/mwdkuxi5@oksbi/BigBazaar
02/09/2023,,167.77,DR,202.78,UPI/izlmprtk19ck@ybl/P2M/sglfbob5@oksbi/BigBazaar
02/09/2023,896133,177.15,DR,25.63,UPI/3uovizv1cbyk@ybl/P2M/6ptp98vl@oksbi/Edara
01/09/2023,,1107.05,CR,1132.68,UPI/cgd5cif424j1@okaxis
31/08/2023,,399.71,DR,732.97,UPI/3r0uaumc6a2u@okaxis/P2M/7hmokpp7@ptbsi/BigBazaar
31/08/2023,448693,169.41,DR,563.56,UPI/taegq21z5mf0@oksbi/P2M/wir4d217@paytm/Airtel
31/08/2023,822603,391.62,DR,171.94,UPI/ji23n2wt0f4f@paytm/P2M/qut7oloo@paytm/Amazon
31/08/2023,941117,37.98,DR,133.96,UPI/bvs5ib29z2n4@oksbi/P2M/v76hvwiz@ptbsi/Edara
30/08/2023,268933,2222.25,CR,2356.21,UPI/0761yyj3g725@ybl
30/08/2023,675020,1974.63,CR,4330.84,UPI/8aenvidgmgsv@okaxis
30/08/2023,775671,194.77,DR,4136.07,UPI/9545jffoyfwb@okaxis/P2M/5c6dh8gm@ptbyl/Airtel
30/08/2023,,1261.05,DR,2875.02,UPI/w8153p6vnjel@okaxis/P2M/n7cojq2c@ptbyl/Paytm
30/08/2023,378420,511.31,DR,2363.71,UPI/jg6l4zw4qyxz@axl/P2M/lzu9cztr@paytm/Flipkart
30/08/2023,,257.06,DR,2106.65,UPI/gzkjhrqb6jhg@okhdfc/P2M/wocutmpb@oksbi/AxisBank
30/08/2023,,604.6,DR,1502.05,UPI/ds69327heutv@oksbi/P2M/vvlpp6ym@ptbyl/AxisBank
30/08/2023,,42.78,DR,1459.27,UPI/hybnjekn5r2w@paytm/P2M/ijppwz8n@oksbi/AxisBank
30/08/2023,,657.52,DR,801.75,UPI/1j33gswiiiju@ybl/P2M/p53qs62m@paytm/VENNA
29/08/2023,,596.0,DR,205.75,UPI/p6cycyiefg4o@okaxis/P2M/k2txuv9b@ptbsi/Paytm
29/08/2023,,436.22,CR,641.97,UPI/7yafi9r9flgg@ybl
29/08/2023,411042,1801.14,CR,2443.11,UPI/clh47o566pt0@okhdfc
29/08/2023,726652,376.78,DR,2066.33,UPI/3tazvop9z3pb@axl/P2M/vw2jp35q@ptbyl/Amazon
29/08/2023,,57.05,DR,2009.28,UPI/84tx8n1zmjmv@okhdfc/P2M/v3x6kx0v@ptbsi/VENNA
29/08/2023,,1138.76,DR,870.52,UPI/y94fpd065g9a@axl/P2M/uo0y2og9@paytm/Flipkart
29/08/2023,932552,615.04,DR,255.48,UPI/06xk6ff49nno@oksbi/P2M/bmbpu6y6@ptbyl/VENNA
29/08/2023,,82.72,DR,172.76,UPI/pzwqv4smi98y@oksbi/P2M/sg9mxhap@ptbyl/AxisBank
29/08/2023,,634.75,CR,807.51,UPI/mecrlkmyqqsz@axl
29/08/2023,,41.09,DR,766.42,UPI/v96o90jc32dx@okaxis/P2M/tx8mn31h@ptbyl/VENNA
29/08/2023,,611.4,DR,155.02,UPI/yz1hu3qmujov@axl/P2M/g2p6pft8@paytm/BigBazaar
29/08/2023,256416,895.09,CR,1050.11,UPI/f5cjlu9gxsnd@oksbi
28/08/2023,666452,698.1,DR,352.01,UPI/5oxw6ugt0kvr@oksbi/P2M/hezmvbtj@paytm/Edara
28/08/2023,974251,47.49,DR,304.52,UPI/s4xs0mg4nuon@okaxis/P2M/mo2szwj1@oksbi/BigBazaar
28/08/2023,,3593.85,CR,3898.37,UPI/t8fqeaqm4u27@okaxis
28/08/2023,248776,3474.77,CR,7373.14,UPI/s14u44l34rgf@okaxis
28/08/2023,949631,834.4,DR,6538.74,UPI/p4ot3redoqph@okhdfc/P2M/q570h3ff@ptbyl/Chala
28/08/2023,,670.09,DR,5868.65,UPI/k1n47gi7cq3e@okaxis/P2M/6vgcer5j@ptbyl/Chala
28/08/2023,,437.26,DR,5431.39,UPI/otms1khwm4cb@oksbi/P2M/pvx2rk06@oksbi/Airtel
28/08/2023,897990,2480.42,CR,7911.81,UPI/oo87hzdyedhx@okaxis
28/08/2023,652281,490.04,DR,7421.77,UPI/8bkdjmerb3pd@oksbi/P2M/gz776ro5@paytm/VENNA
28/08/2023,,1033.15,CR,8454.92,UPI/3wjpcozz1vxq@paytm
28/08/2023,,41.32,DR,8413.6,UPI/twyez685nr75@ybl/P2M/ejgpv486@oksbi/Amazon
28/08/2023,,1097.5,DR,7316.1,UPI/oip9opa87te4@oksbi/P2M/koguykvd@paytm/Airtel
27/08/2023,872962,1275.59,DR,6040.51,UPI/bzq0vnx6w517@axl/P2M/1lypyqwb@oksbi/Airtel
27/08/2023,,2512.72,CR,8553.23,UPI/3dm837idby6c@axl
27/08/2023,,1182.56,DR,7370.67,UPI/j9a6ipzzm9yy@okhdfc/P2M/7fngfbgv@ptbyl/Paytm
27/08/2023,,374.24,DR,6996.43,UPI/uyaii93scex3@paytm/P2M/8s9ppuu1@ptbsi/Edara
27/08/2023,568885,2876.91,CR,9873.34,UPI/2wdj0ktu9d5w@okaxis
27/08/2023,740851,1140.26,DR,8733.08,UPI/1cbz5htux7bu@okaxis/P2M/965qz4bt@ptbyl/Paytm
27/08/2023,,1040.68,DR,7692.4,UPI/sv5dq1hombn6@okaxis/P2M/5qyfjros@ptbyl/Chala
27/08/2023,666341,143.7,DR,7548.7,UPI/1glhz83e5k1m@axl/P2M/eypb9x9u@paytm/Edara
27/08/2023,650149,826.75,DR,6721.95,UPI/txb4y6zhyxsp@oksbi/P2M/qom9bu12@oksbi/Flipkart
27/08/2023,252884,2848.57,CR,9570.52,UPI/houvzz1yvjgg@okhdfc
27/08/2023,432414,1016.51,DR,8554.01,UPI/gpzen56jwzqr@axl/P2M/ukgp1guf@paytm/Airtel
27/08/2023,,967.71,DR,7586.3,UPI/1s9vq321mhjg@axl/P2M/uoc84qog@ptbyl/AxisBank
27/08/2023,,792.69,DR,6793.61,UPI/49radny61j5c@ybl/P2M/ggs6r3oi@oksbi/VENNA
27/08/2023,,796.92,DR,5996.69,UPI/dgiynst2y78e@okaxis/P2M/j3pfnuhk@ptbsi/Edara
26/08/2023,,594.57,DR,5402.12,UPI/2hzns4lhuptz@axl/P2M/lbmcy8va@oksbi/Paytm
26/08/2023,780353,430.94,DR,4971.18,UPI/nn8w6vd92r2f@paytm/P2M/a3g906sk@paytm/Airtel
26/08/2023,,707.24,DR,4263.94,UPI/3ddzsk2pl2d8@paytm/P2M/h84j8l25@ptbyl/Chala
26/08/2023,,879.38,DR,3384.56,UPI/1g1k9cdq2tyz@oksbi/P2M/ja8ebvhq@paytm/AxisBank
26/08/2023,688974,1151.05,DR,2233.51,UPI/8rymthsnjbxk@okhdfc/P2M/b6uwa8nz@paytm/Paytm
26/08/2023,,621.58,DR,1611.93,UPI/wr1i39cki7ez@ybl/P2M/hg2obeg3@ptbyl/AxisBank
26/08/2023,,1017.03,DR,594.9,UPI/nik7x4uzym3n@ybl/P2M/c75dfjnv@ptbsi/Airtel
26/08/2023,,2963.26,CR,3558.16,UPI/qaupkohr4hy1@okaxis
26/08/2023,,994.49,DR,2563.67,UPI/v4u2mxco8ufr@ybl/P2M/etigi5st@ptbsi/Chala
26/08/2023,160596,810.16,DR,1753.51,UPI/kb48khnf28a0@axl/P2M/o9nfcwfs@oksbi/Flipkart
26/08/2023,139788,637.24,DR,1116.27,UPI/eru7w1ynjlwb@okaxis/P2M/wt386s37@ptbyl/VENNA
25/08/2023,,461.36,DR,654.91,UPI/vcuakjwcv1xq@paytm/P2M/dk96qjj9@ptbyl/AxisBank
25/08/2023,,471.84,DR,183.07,UPI/zik4exaxvnii@ybl/P2M/ilh2pgyw@paytm/AxisBank
25/08/2023,,4717.03,CR,4900.1,UPI/z53j7m196sex@ybl
25/08/2023,810722,1497.9,DR,3402.2,UPI/uhyxcczsdg0s@axl/P2M/11zrlbky@oksbi/Flipkart
24/08/2023,,4456.69,CR,7858.89,UPI/cevfepd9c8ph@axl
24/08/2023,896160,323.1,DR,7535.79,UPI/irvond6tgj75@ybl/P2M/sevotnzd@ptbsi/Airtel
24/08/2023,,70.45,DR,7465.34,UPI/a33itttrxqt2@axl/P2M/qty0qqkl@ptbyl/BigBazaar
24/08/2023,,3778.39,CR,11243.73,UPI/ej5xd0m4szum@oksbi
24/08/2023,,554.58,DR,10689.15,UPI/v7xffl4hvaq7@okaxis/P2M/kbhs3nfc@ptbyl/AxisBank
24/08/2023,798761,1202.78,DR,9486.37,UPI/mdulm8dq6seg@oksbi/P2M/qwxio1qt@ptbsi/BigBazaar
24/08/2023,491960,565.05,DR,8921.32,UPI/2ksdxfv2vft6@paytm/P2M/uftnyege@ptbyl/AxisBank
24/08/2023,585964,1261.11,DR,7660.21,UPI/rvz9tx58pys6@paytm/P2M/me8ki3gh@oksbi/VENNA
24/08/2023,,1428.62,DR,6231.59,UPI/3tqrarqnolrb@paytm/P2M/ueup0vts@oksbi/BigBazaar
24/08/2023,,177.39,CR,6408.98,UPI/otusbfxdpmne@okhdfc
24/08/2023,,1551.41,CR,7960.39,UPI/fustf5r4pu6x@okhdfc
24/08/2023,570752,4888.69,CR,12849.08,UPI/sjf51irt7buq@ybl
24/08/2023,,232.21,DR,12616.87,UPI/4r5bn9ayfe0j@axl/P2M/503345pj@oksbi/Airtel
24/08/2023,,1269.84,DR,11347.03,UPI/1mdz4o59770n@ybl/P2M/3oi5a6ex@ptbyl/Paytm
23/08/2023,240338,418.22,CR,11765.25,UPI/d52nx41tcfl0@paytm
23/08/2023,823560,482.03,DR,11283.22,UPI/koahnxey8nnp@ybl/P2M/pu16mayz@paytm/Paytm
23/08/2023,,1262.87,DR,10020.35,UPI/0hrj8jlz01wy@okaxis/P2M/k5zrmfu6@paytm/Chala
23/08/2023,,138.12,DR,9882.23,UPI/7br8756cfois@okaxis/P2M/58f80xus@oksbi/Amazon
23/08/2023,836727,2976.39,CR,12858.62,UPI/lkunybj4hl7c@ybl
23/08/2023,,612.13,DR,12246.49,UPI/20gsvm2hupfp@paytm/P2M/i5g4qa63@ptbsi/Edara
23/08/2023,,1191.91,DR,11054.58,UPI/jz2xvkeue0ho@paytm/P2M/841tqm3m@ptbyl/VENNA
23/08/2023,,257.4,CR,11311.98,UPI/ud4zcvkj6mjg@okaxis
23/08/2023,,3532.72,CR,14844.7,UPI/ztodcjxnubn1@paytm
23/08/2023,,4226.57,CR,19071.27,UPI/2s3st7xplt5n@axl
23/08/2023,297710,116.24,DR,18955.03,UPI/rbwqgcynznr5@ybl/P2M/xrrojfkh@ptbyl/Amazon
23/08/2023,662422,739.32,CR,19694.35,UPI/ya10ckquye0m@okhdfc
23/08/2023,,196.8,CR,19891.15,UPI/b4489kyms3pe@ybl
23/08/2023,834199,1312.31,DR,18578.84,UPI/rxtwtercnh7g@ybl/P2M/ec6vkjkq@oksbi/AxisBank
22/08/2023,561595,3698.5,CR,22277.34,UPI/8rrvqo8b99f5@paytm
22/08/2023,,1909.8,CR,24187.14,UPI/4yaupdix9zdx@okaxis
22/08/2023,,1458.83,DR,22728.31,UPI/f7fys02balc1@okaxis/P2M/a3j43wdx@ptbyl/Edara
22/08/2023,,168.15,DR,22560.16,UPI/f42zn91xprhg@axl/P2M/052vi8qp@oksbi/Edara
22/08/2023,,1281.34,DR,21278.82,UPI/quoamow2nn10@paytm/P2M/09bbl0i8@ptbsi/Chala
22/08/2023,,937.91,DR,20340.91,UPI/xb0pka2o59xf@paytm/P2M/cvu0hl11@ptbyl/VENNA
22/08/2023,264349,551.24,DR,19789.67,UPI/xu1mxy55uu8r@okaxis/P2M/sj15wd6z@ptbyl/Flipkart
22/08/2023,,1322.64,DR,18467.03,UPI/ni9vfpzbiajx@ybl/P2M/an5iqf5j@oksbi/Edara
22/08/2023,,2862.78,CR,21329.81,UPI/sej1fvzgl8w6@okaxis
22/08/2023,,95.84,DR,21233.97,UPI/44rqptzod3lj@paytm/P2M/irykrjoq@ptbsi/BigBazaar
22/08/2023,,558.0,DR,20675.97,UPI/mwaezdxcvu6f@axl/P2M/flmbtzz3@ptbyl/Flipkart
22/08/2023,,715.61,DR,19960.36,UPI/aj5rxqu67hjy@okhdfc/P2M/se8rm3ix@ptbyl/VENNA
22/08/2023,391512,1272.99,DR,18687.37,UPI/tpl5qm3srl00@axl/P2M/w0s68gal@paytm/VENNA
22/08/2023,,338.82,DR,18348.55,UPI/voq8lwt3vw8z@ybl/P2M/gcje22sb@oksbi/AxisBank
21/08/2023,,2714.72,CR,21063.27,UPI/dzdm10lhkv00@okhdfc
21/08/2023,,734.14,DR,20329.13,UPI/d8cv2tnu6c5m@axl/P2M/nsjpvylq@oksbi/VENNA
21/08/2023,,1205.75,DR,19123.38,UPI/xc0ab2gpapg3@okaxis/P2M/2c49rdmf@paytm/Airtel
21/08/2023,,1158.95,DR,17964.43,UPI/nmxe7bfo9fkt@paytm/P2M/yf9aci2c@oksbi/BigBazaar
21/08/2023,,1303.97,DR,16660.46,UPI/q772br7wzv8q@axl/P2M/lmrfaip0@ptbsi/AxisBank
21/08/2023,153997,909.36,DR,15751.1,UPI/vdsum2j6pi7n@okaxis/P2M/q1wxw8yc@oksbi/Paytm
21/08/2023,612371,183.68,DR,15567.42,UPI/0yh5kifujn1o@okhdfc/P2M/205b5dm6@ptbyl/Amazon
21/08/2023,,842.91,DR,14724.51,UPI/67v3kub98loi@okaxis/P2M/0k44csmm@ptbyl/VENNA
21/08/2023,,36.13,DR,14688.38,UPI/s5bbw81yhf2f@okaxis/P2M/mkyz6s18@oksbi/Paytm
21/08/2023,,1216.47,DR,13471.91,UPI/zfgrqsxofz4w@okhdfc/P2M/6gsikhoo@ptbsi/VENNA
21/08/2023,269974,239.87,DR,13232.04,UPI/8xbzd0k7tpin@okhdfc/P2M/q5g3goln@oksbi/Edara
21/08/2023,,2535.26,CR,15767.3,UPI/7x7qxbkbwnz6@paytm
21/08/2023,,1031.36,DR,14735.94,UPI/zu9cgt7kvkyo@okhdfc/P2M/phs3i65e@oksbi/BigBazaar
21/08/2023,766156,544.31,DR,14191.63,UPI/nd3vg6624cya@paytm/P2M/d3nqdohh@ptbsi/Flipkart
20/08/2023,910051,1378.83,DR,12812.8,UPI/tmirm8sk4w2e@okhdfc/P2M/4ja2o9x4@ptbyl/AxisBank
20/08/2023,397807,349.17,DR,12463.63,UPI/mwxnc68v13x3@okaxis/P2M/yhyu1dnp@ptbyl/AxisBank
20/08/2023,194620,322.19,DR,12141.44,UPI/cuxw90e5imc4@oksbi/P2M/0w29h54k@ptbyl/Edara
20/08/2023,280861,1066.14,CR,13207.58,UPI/e1ro1yi1smzo@oksbi
20/08/2023,,1107.0,DR,12100.58,UPI/9dhz8p24zvaa@oksbi/P2M/p2fdycs6@oksbi/VENNA
20/08/2023,533131,1460.02,DR,10640.56,UPI/u11m996nzyj3@axl/P2M/8al6gjkf@oksbi/BigBazaar
20/08/2023,877549,821.73,DR,9818.83,UPI/gackks1tpnqf@ybl/P2M/nn35pwd5@oksbi/Paytm
20/08/2023,854864,573.05,DR,9245.78,UPI/zzcu2jfvd3pg@paytm/P2M/rpnhfb3q@paytm/Flipkart
20/08/2023,926287,366.07,DR,8879.71,UPI/562dz5rzpcyn@ybl/P2M/jwib55n7@oksbi/Airtel
20/08/2023,,330.48,DR,8549.23,UPI/eyjk3t5fa3vz@okaxis/P2M/2uc3dd5j@oksbi/Edara
20/08/2023,777284,1131.35,DR,7417.88,UPI/6x0srqx7jdop@paytm/P2M/rtefsodb@ptbsi/AxisBank
20/08/2023,,723.41,DR,6694.47,UPI/w9dt1q28qa4b@paytm/P2M/8a5vuza1@paytm/VENNA
20/08/2023,,659.9,DR,6034.57,UPI/2c8eell1v4n9@okhdfc/P2M/pxd3kkh4@oksbi/VENNA
20/08/2023,,506.19,DR,5528.38,UPI/ao54ahshtglz@paytm/P2M/lhuv14bt@paytm/Edara
19/08/2023,,176.55,DR,5351.83,UPI/2i5sy6lxlw89@axl/P2M/j9h5icrn@paytm/VENNA
19/08/2023,642011,1324.37,DR,4027.46,UPI/2e6k75nm9pgs@ybl/P2M/4ibe5h6o@oksbi/Paytm
19/08/2023,247521,839.54,DR,3187.92,UPI/jcgr8d1g8wq8@ybl/P2M/12dtdblp@ptbsi/AxisBank
19/08/2023,,285.6,DR,2902.32,UPI/6d83pihgc25n@oksbi/P2M/e7qjthsy@oksbi/Flipkart
19/08/2023,312381,765.81,DR,2136.51,UPI/vismh1g756bo@paytm/P2M/2ljsd5es@oksbi/AxisBank
19/08/2023,,925.75,DR,1210.76,UPI/s1g1tv2fzhs3@ybl/P2M/7a5ifwja@paytm/Paytm
19/08/2023,,490.04,DR,720.72,UPI/8dv5ds5ockj6@okhdfc/P2M/us2swur5@ptbsi/Paytm
19/08/2023,,334.84,DR,385.88,UPI/h5siz2fyl5fj@ybl/P2M/fla86bxb@paytm/BigBazaar
19/08/2023,,287.35,DR,98.53,UPI/joxdhgpi0ent@paytm/P2M/v3cgwhqr@ptbsi/Paytm
19/08/2023,,4662.0,CR,4760.53,UPI/oir19qa2pr4c@oksbi
18/08/2023,,665.72,DR,4094.81,UPI/yilsnjjjjn8b@okhdfc/P2M/l3i7tqs2@paytm/AxisBank
18/08/2023,,43.05,DR,4051.76,UPI/z9sd0zdiam1m@paytm/P2M/91rnfl02@ptbyl/Edara
18/08/2023,485148,1045.67,DR,3006.09,UPI/lwi8a3mf4yhd@okaxis/P2M/z2eyeang@oksbi/BigBazaar
18/08/2023,,1343.96,DR,1662.13,UPI/nb9hxibxa5w6@okaxis/P2M/snd3s32k@oksbi/Amazon
18/08/2023,187096,536.51,DR,1125.62,UPI/ckicdygfzivq@axl/P2M/de1rezv1@oksbi/Chala
18/08/2023,,527.75,DR,597.87,UPI/82234p4wxhom@paytm/P2M/j0a89se5@ptbsi/Amazon
18/08/2023,,488.53,DR,109.34,UPI/4ugksjbmcpqe@oksbi/P2M/cr3xmf6r@paytm/Flipkart
18/08/2023,,58.7,DR,50.64,UPI/9pdygx2libu1@ybl/P2M/yi7o1ik1@ptbyl/Edara
17/08/2023,,33.94,DR,16.7,UPI/r6jxkvw7zjby@axl/P2M/9tgsbchy@ptbsi/BigBazaar
16/08/2023,693591,1410.02,CR,1426.72,UPI/k7yydaxejipm@paytm
16/08/2023,,474.96,DR,951.76,UPI/kjf1unojtv0c@okaxis/P2M/a95z662s@paytm/Flipkart
16/08/2023,,786.27,DR,165.49,UPI/0qw83afdzb8v@axl/P2M/al1szho5@ptbyl/Airtel
16/08/2023,,11.56,DR,153.93,UPI/e7l9kagtnbsx@paytm/P2M/rqrjfom0@oksbi/Amazon
16/08/2023,,3385.96,CR,3539.89,UPI/dt9k8v9lhqnc@okhdfc
16/08/2023,308427,634.27,DR,2905.62,UPI/74vii22grqoa@okhdfc/P2M/6a5vzmxd@ptbsi/Chala
16/08/2023,,307.71,DR,2597.91,UPI/4dxxghz0ja4a@axl/P2M/h4i3ejla@paytm/BigBazaar
16/08/2023,,1037.23,DR,1560.68,UPI/fiwf4x240rr8@oksbi/P2M/l1dvjyy4@paytm/BigBazaar
16/08/2023,350867,153.69,DR,1406.99,UPI/bv9y2talt0ss@paytm/P2M/2n6hq1dc@paytm/Paytm
16/08/2023,,1027.68,CR,2434.67,UPI/d7mwtl10wvwo@axl
16/08/2023,,416.35,DR,2018.32,UPI/4nj26jh3gk26@okhdfc/P2M/erq2t4q8@oksbi/Airtel
16/08/2023,,1094.27,DR,924.05,UPI/wl19734mnyl8@oksbi/P2M/lrjqnv8h@ptbsi/Chala
15/08/2023,,242.01,DR,682.04,UPI/wqwvuamifyux@okaxis/P2M/6wiithpi@ptbsi/BigBazaar
15/08/2023,,631.51,DR,50.53,UPI/724whgcx4tuq@ybl/P2M/11tp9mnq@oksbi/Flipkart
15/08/2023,511542,2015.18,CR,2065.71,UPI/p84cmpobmuaj@okaxis
15/08/2023,167730,1470.34,DR,595.37,UPI/jldyd8tjnecj@ybl/P2M/28blstcm@oksbi/VENNA
14/08/2023,,1338.62,CR,1933.99,UPI/tuil9wn65n0w@oksbi
14/08/2023,,1644.51,CR,3578.5,UPI/6muvgaazr3cm@okaxis
14/08/2023,421696,1306.29,DR,2272.21,UPI/ajqruvz2tsat@axl/P2M/g99q6bvc@oksbi/VENNA
14/08/2023,892685,307.01,DR,1965.2,UPI/hjy98ysjjvon@paytm/P2M/5c538b1h@ptbyl/Airtel
14/08/2023,,1401.39,DR,563.81,UPI/1zm5ty84t8bj@paytm/P2M/gxomb0tb@paytm/Amazon
14/08/2023,911230,476.37,CR,1040.18,UPI/np3z0rifmq4t@axl
14/08/2023,,617.94,DR,422.24,UPI/xj6tj7jakd2h@axl/P2M/nnk2tbce@paytm/VENNA
14/08/2023,,850.85,CR,1273.09,UPI/ts8kpd5p1gom@ybl
14/08/2023,,824.98,DR,448.11,UPI/s4gvql899dp0@ybl/P2M/4gfs5oon@ptbyl/VENNA
14/08/2023,639181,1463.1,CR,1911.21,UPI/xgu9xhdbx091@ybl
14/08/2023,,216.13,DR,1695.08,UPI/tvqq60gvt8ch@okaxis/P2M/3anzpk29@ptbsi/Paytm
13/08/2023,,4796.13,CR,6491.21,UPI/ivfyq9up6jjb@axl
13/08/2023,371666,991.22,DR,5499.99,UPI/cmqjuz6h9xcp@oksbi/P2M/aqtv6lb2@ptbsi/Airtel
13/08/2023,,543.33,DR,4956.66,UPI/gm0eshetgt20@okhdfc/P2M/6bdp3uxt@oksbi/Amazon
13/08/2023,640460,1210.93,DR,3745.73,UPI/l4tkw6zxe6t1@okhdfc/P2M/o2fogfur@ptbyl/Chala
13/08/2023,145219,1443.85,DR,2301.88,UPI/r37rtug0gykz@okaxis/P2M/yiivz3nw@ptbyl/VENNA
13/08/2023,,2021.69,CR,4323.57,UPI/tmr5rw5c6tky@oksbi
13/08/2023,495248,1404.72,DR,2918.85,UPI/qwikdfdbm5jo@okhdfc/P2M/4ejzf2gv@oksbi/Amazon
13/08/2023,,1003.52,DR,1915.33,UPI/gsqtan8xiqhj@oksbi/P2M/mbfn3566@oksbi/Paytm
13/08/2023,,515.11,DR,1400.22,UPI/mlwycbkpwqc5@axl/P2M/vgdgernr@paytm/Chala
13/08/2023,,828.47,DR,571.75,UPI/jl34b6gya93l@okhdfc/P2M/s0mg62yk@paytm/Amazon
13/08/2023,,1395.21,CR,1966.96,UPI/ja2dcki7vtac@axl
13/08/2023,558772,866.04,DR,1100.92,UPI/kb20p2wr51g2@oksbi/P2M/uflxmmnn@ptbsi/Paytm
12/08/2023,413943,435.31,DR,665.61,UPI/txxgq16sns7o@oksbi/P2M/czgv968b@oksbi/Edara
12/08/2023,,413.44,DR,252.17,UPI/88cezcvogvfi@okhdfc/P2M/ve7ccql7@paytm/Paytm
12/08/2023,,2970.74,CR,3222.91,UPI/e6wp2wypkz47@okhdfc
12/08/2023,,68.8,DR,3154.11,UPI/6lss8vvhccf4@okhdfc/P2M/1bd89gob@paytm/VENNA
12/08/2023,,911.21,DR,2242.9,UPI/rqt5t80mwmig@ybl/P2M/up9cn1ml@oksbi/AxisBank
12/08/2023,,1432.25,DR,810.65,UPI/9apl1t9po4z4@oksbi/P2M/h7x7yvx3@paytm/Edara
12/08/2023,440842,377.93,DR,432.72,UPI/s2dfd2rj57bd@ybl/P2M/290qj9sg@ptbyl/VENNA
11/08/2023,415216,157.74,DR,274.98,UPI/oa48bo1mem9m@axl/P2M/hv55a0w5@ptbyl/Paytm
11/08/2023,,18.39,DR,256.59,UPI/3kiwow1qp6x3@oksbi/P2M/iz46h4j0@ptbyl/Amazon
11/08/2023,439923,1263.49,CR,1520.08,UPI/3kelxt0aesgr@axl
11/08/2023,,490.62,DR,1029.46,UPI/ufnf1l2z7qdd@ybl/P2M/5c4yqg25@ptbsi/Amazon
11/08/2023,,1011.23,DR,18.23,UPI/gpajqno1btw9@paytm/P2M/zpk2urxg@oksbi/Edara
10/08/2023,,2415.25,CR,2433.48,UPI/ahc5isbo1b64@axl
10/08/2023,832739,33.03,DR,2400.45,UPI/mm3w2vnyo4qh@oksbi/P2M/sullqpn3@ptbyl/BigBazaar
10/08/2023,880758,228.36,DR,2172.09,UPI/q1omal5zhxqq@okhdfc/P2M/09ey8ws9@oksbi/VENNA
10/08/2023,763098,1285.58,DR,886.51,UPI/9m9g27h2zc72@okaxis/P2M/qby6lr8a@ptbyl/Flipkart
09/08/2023,894962,368.72,DR,517.79,UPI/iwhwxf7byu3b@ybl/P2M/r6houj43@oksbi/Edara
09/08/2023,,154.51,CR,672.3,UPI/qr96hio8hr52@okhdfc
09/08/2023,722459,123.42,DR,548.88,UPI/bbapt2m7gapx@paytm/P2M/8sggtznc@ptbsi/Amazon
09/08/2023,,4891.17,CR,5440.05,UPI/wdf0rlxg7f4u@okhdfc
09/08/2023,,1401.51,DR,4038.54,UPI/f9k3ranjq46e@axl/P2M/5085oyy4@oksbi/VENNA
09/08/2023,,122.16,DR,3916.38,UPI/v4eth8mjspt5@oksbi/P2M/6wssgb0c@paytm/Paytm
09/08/2023,,651.47,DR,3264.91,UPI/c0134cmiwq1s@axl/P2M/yejznoud@oksbi/BigBazaar
09/08/2023,,82.38,DR,3182.53,UPI/d2g5hmv75r71@oksbi/P2M/uenp4e30@oksbi/VENNA
09/08/2023,,525.05,DR,2657.48,UPI/4w16e78fm7io@ybl/P2M/i2dq72tc@oksbi/Flipkart
09/08/2023,406349,267.53,DR,2389.95,UPI/esm4h3bu5m3w@okaxis/P2M/na7wg24z@ptbyl/Flipkart
09/08/2023,,1203.77,DR,1186.18,UPI/qgeevm6dpptd@ybl/P2M/x33cm2g4@ptbyl/Paytm
08/08/2023,,792.25,DR,393.93,UPI/pdeg1plbok56@oksbi/P2M/rv7ixe3l@oksbi/Airtel
08/08/2023,131797,428.16,CR,822.09,UPI/6myln85uy61j@okaxis
08/08/2023,,359.77,DR,462.32,UPI/f2m68rxts5yp@oksbi/P2M/q6wv07cr@ptbsi/AxisBank
08/08/2023,524281,4228.27,CR,4690.59,UPI/cg44wix5ahr2@paytm
08/08/2023,475904,901.61,DR,3788.98,UPI/t1lmnnegqwjm@axl/P2M/lu8pf72p@oksbi/Flipkart
08/08/2023,218110,1197.31,DR,2591.67,UPI/ke6c5dibotrt@okaxis/P2M/f69ahrur@oksbi/VENNA
08/08/2023,251497,188.73,DR,2402.94,UPI/t9ceex9c9t7p@okaxis/P2M/lur4z25y@ptbyl/Edara
07/08/2023,904336,198.34,DR,2204.6,UPI/jtc02jn7a4eh@paytm/P2M/hxoqzaz7@oksbi/Edara
07/08/2023,,1156.43,DR,1048.17,UPI/ds7stgoel57y@axl/P2M/tjv2vlsy@paytm/VENNA
07/08/2023,804893,903.08,DR,145.09,UPI/r22u7ac7r557@paytm/P2M/ca1qdxps@ptbyl/AxisBank
07/08/2023,807928,4866.8,CR,5011.89,UPI/v167hpkiymcj@okaxis
07/08/2023,,70.51,DR,4941.38,UPI/csrtt9vg8sc1@ybl/P2M/75zqzosw@ptbsi/Amazon
07/08/2023,,840.7,DR,4100.68,UPI/758m3zsi6pl3@ybl/P2M/ik12upxv@oksbi/Edara
07/08/2023,,1263.72,DR,2836.96,UPI/i4z1be8xulu0@axl/P2M/410jih76@paytm/Chala
06/08/2023,,795.5,DR,2041.46,UPI/bbkbes4q34jg@okaxis/P2M/4objjntd@paytm/VENNA
06/08/2023,164554,1058.32,DR,983.14,UPI/ja4npq30uup1@okaxis/P2M/fdzrd72n@ptbsi/Chala
06/08/2023,,854.76,DR,128.38,UPI/pbqix8hzj65o@paytm/P2M/d7bdamrh@ptbsi/VENNA
06/08/2023,232253,2653.67,CR,2782.05,UPI/3cqq16z1701c@okaxis
06/08/2023,696391,1047.32,DR,1734.73,UPI/ndq6nuf5dpoo@okaxis/P2M/rbzfhyvn@oksbi/Chala
06/08/2023,538388,272.06,DR,1462.67,UPI/inl8bwtgm7ki@ybl/P2M/i5njoxds@paytm/AxisBank
06/08/2023,861882,104.6,DR,1358.07,UPI/peejqm8dtj80@paytm/P2M/f5kebjed@oksbi/Amazon
06/08/2023,,614.53,DR,743.54,UPI/i6dxdq4zdp8e@axl/P2M/e897ka8c@oksbi/Chala
06/08/2023,217705,385.26,DR,358.28,UPI/kf4j5t74y7lf@ybl/P2M/rmpwntnj@oksbi/Chala
06/08/2023,,330.09,DR,28.19,UPI/8xtzvll4yay4@okaxis/P2M/39c2cpeb@ptbyl/Edara
05/08/2023,,1604.2,CR,1632.39,UPI/tpu91mlm807p@ybl
05/08/2023,,403.47,DR,1228.92,UPI/zbg3jcgqq3kq@ybl/P2M/cciysca8@oksbi/Amazon
05/08/2023,781276,453.91,DR,775.01,UPI/7xpmbie7gr0b@okaxis/P2M/09e7a8dw@oksbi/Flipkart
05/08/2023,,760.69,DR,14.32,UPI/j4w80gvr7cm6@oksbi/P2M/1xzcoq68@oksbi/Chala
04/08/2023,,1322.46,CR,1336.78,UPI/8bc41tpnfd6e@oksbi
04/08/2023,,1226.97,CR,2563.75,UPI/2aba7ylpqvzg@okhdfc
04/08/2023,,906.12,CR,3469.87,UPI/t7fr56un322p@ybl
04/08/2023,,194.62,DR,3275.25,UPI/x6ejsly9twac@paytm/P2M/g56glgaa@ptbyl/Flipkart
04/08/2023,279031,56.9,DR,3218.35,UPI/effzczggv6uc@okaxis/P2M/cycxcqk5@ptbsi/Airtel
04/08/2023,,949.75,DR,2268.6,UPI/qy3yri4uw3qv@oksbi/P2M/gbvd0yzd@paytm/Paytm
04/08/2023,,1337.63,DR,930.97,UPI/gqi75lwk6ib4@okaxis/P2M/7fnjadzt@ptbyl/AxisBank
04/08/2023,488582,3265.91,CR,4196.88,UPI/3iy655lldqpf@axl
04/08/2023,,565.05,DR,3631.83,UPI/vdkbth9exjvx@okhdfc/P2M/qwt5tz9s@ptbyl/Flipkart
04/08/2023,777378,595.6,DR,3036.23,UPI/o6c6w13uq3hg@okhdfc/P2M/1imybfqy@ptbsi/Airtel
03/08/2023,,378.53,DR,2657.7,UPI/vpzkhzf3ytco@okhdfc/P2M/ldzomedv@paytm/AxisBank
03/08/2023,484152,1173.76,DR,1483.94,UPI/6x1gs9eflp9u@okhdfc/P2M/rzf88ro9@paytm/Chala
03/08/2023,,1161.55,DR,322.39,UPI/bes0uwzlsx3n@oksbi/P2M/73z10snr@ptbsi/VENNA
03/08/2023,,3160.72,CR,3483.11,UPI/1umbx00ma9ti@okhdfc
03/08/2023,,2754.22,CR,6237.33,UPI/0yd8wcwhfxwj@okaxis
03/08/2023,,3352.77,CR,9590.1,UPI/nn9tisxkp131@paytm
03/08/2023,480810,1319.93,DR,8270.17,UPI/8ri9iv3m2hbu@axl/P2M/azzw2gvs@oksbi/BigBazaar
03/08/2023,278704,1159.17,CR,9429.34,UPI/u67ret3rab19@ybl
03/08/2023,945872,378.21,DR,9051.13,UPI/9e9csrswosdl@paytm/P2M/znmfhycm@paytm/Flipkart
03/08/2023,,984.65,DR,8066.48,UPI/i0xmnojsv6fx@paytm/P2M/cxfi4fef@ptbsi/Airtel
03/08/2023,,1362.15,DR,6704.33,UPI/hn6jahmim169@axl/P2M/x2sej8ph@ptbyl/AxisBank
03/08/2023,382654,490.22,DR,6214.11,UPI/6lndx7m74ocg@axl/P2M/03s66xrb@ptbsi/BigBazaar
03/08/2023,,1315.76,DR,4898.35,UPI/bqkep1eduyzf@okhdfc/P2M/89jqm2d1@ptbyl/VENNA
02/08/2023,217375,753.82,DR,4144.53,UPI/808fwv5koctd@ybl/P2M/ak1inb39@oksbi/VENNA
02/08/2023,684312,2710.41,CR,6854.94,UPI/i9yyq9ebax6w@axl
02/08/2023,,850.63,DR,6004.31,UPI/j2nz4cl5589v@axl/P2M/9fajn3i4@paytm/Flipkart
02/08/2023,,1005.51,DR,4998.8,UPI/nt52yxmg4chb@oksbi/P2M/prt2688c@paytm/Amazon
02/08/2023,,1264.91,DR,3733.89,UPI/tsi4or4bwp3c@ybl/P2M/fpgqglwa@paytm/Edara
02/08/2023,,4934.7,CR,8668.59,UPI/2ul5py1b1i45@ybl
02/08/2023,116444,1441.54,DR,7227.05,UPI/4bfdg57awfmt@okaxis/P2M/y68cqfep@ptbsi/BigBazaar
02/08/2023,,638.5,DR,6588.55,UPI/yd6673y15i27@oksbi/P2M/90h6wlra@ptbyl/BigBazaar
02/08/2023,412825,233.06,DR,6355.49,UPI/i3ac7g7mw0iy@axl/P2M/90ang320@oksbi/Flipkart
02/08/2023,,1191.06,DR,5164.43,UPI/hkpzzz776ohp@paytm/P2M/v32poq5x@oksbi/VENNA
02/08/2023,,713.54,DR,4450.89,UPI/e1pclkrhsj83@okaxis/P2M/8bwwvn80@ptbsi/VENNA
02/08/2023,383871,392.9,DR,4057.99,UPI/7znpp1y745j6@ybl/P2M/bt2ztw7a@ptbyl/Paytm
02/08/2023,,4018.11,CR,8076.1,UPI/6u22fqjo25if@oksbi
02/08/2023,,1155.58,DR,6920.52,UPI/4c4qhhkyz2hq@axl/P2M/9ksta7h5@ptbyl/Flipkart
01/08/2023,,640.32,DR,6280.2,UPI/9herti4fqobn@ybl/P2M/dzaviowu@ptbsi/Chala
01/08/2023,,473.94,DR,5806.26,UPI/0dhuecivhgvd@paytm/P2M/naxidnhv@paytm/AxisBank
01/08/2023,,4177.07,CR,9983.33,UPI/2wsp06bzxubk@okaxis
01/08/2023,,1260.68,DR,8722.65,UPI/lkte8zpkg8g1@oksbi/P2M/okjprsj2@paytm/Flipkart
01/08/2023,,1495.36,DR,7227.29,UPI/j9p6hzru9a5j@okhdfc/P2M/erawn3zk@ptbsi/Edara
01/08/2023,518963,97.91,DR,7129.38,UPI/w3y9wzaft3yl@okhdfc/P2M/4t422au4@paytm/Flipkart
01/08/2023,,190.77,DR,6938.61,UPI/rkijdxinolf5@oksbi/P2M/yu9kbtrh@ptbyl/Flipkart
01/08/2023,,963.23,DR,5975.38,UPI/0ortcpbjs94b@axl/P2M/iql1swhw@ptbsi/Chala
01/08/2023,763009,1473.01,DR,4502.37,UPI/tkfzkep3j3bk@okaxis/P2M/bvuw0jw3@paytm/AxisBank
01/08/2023,,662.68,DR,3839.69,UPI/9f5e29kbqbsp@oksbi/P2M/66iji4t3@ptbsi/BigBazaar
01/08/2023,,483.85,DR,3355.84,UPI/ahsqkqxhmnjd@oksbi/P2M/e31pfb6u@ptbsi/Chala
01/08/2023,,643.48,DR,2712.36,UPI/q56yn3wd8zc6@paytm/P2M/29sepwhn@paytm/Flipkart
01/08/2023,,1164.89,CR,3877.25,UPI/pw7bip9kpwat@paytm
01/08/2023,880607,1409.75,DR,2467.5,UPI/7d1ylhi2eeuq@paytm/P2M/xuhwj581@paytm/AxisBank
