Date,Instrument ID,Amount,Type,Balance,Remarks
28/02/2022,826742,148.08,DR,1024.73,UPI/bf6ju0ug18dt@oksbi/P2M/3qyjby7x@ptbyl/Chala
28/02/2022,784235,700.95,DR,323.78,UPI/n3sang4olezq@okhdfc/P2M/m52kub86@paytm/Chala
28/02/2022,,482.12,CR,805.9,UPI/amfdddrlztjm@okhdfc
28/02/2022,,685.29,DR,120.61,UPI/59ktgqqn61xo@okaxis/P2M/8lmrc4z9@ptbsi/VENNA
27/02/2022,,61.33,DR,59.28,UPI/2az5967c2xvk@okhdfc/P2M/sy0vix3i@ptbsi/Paytm
27/02/2022,878744,1439.6,CR,1498.88,UPI/c21o5foikz6z@ybl
27/02/2022,,2579.89,CR,4078.77,UPI/ii4oig2s3b06@okhdfc
27/02/2022,796418,839.35,DR,3239.42,UPI/1bzn4wxk2pmw@oksbi/P2M/6zfgyrzy@ptbyl/Chala
27/02/2022,,1266.27,DR,1973.15,UPI/g9lw82w6gleh@oksbi/P2M/byhfaaz6@ptbsi/Amazon
27/02/2022,,369.55,DR,1603.6,UPI/sv82oye0pi9r@okhdfc/P2M/tat79p1i@ptbsi/Chala
27/02/2022,,1074.98,DR,528.62,UPI/20hm9g0usw20@axl/P2M/fpl0jhwn@paytm/Paytm
26/02/2022,,73.52,DR,455.1,UPI/x7vvndfgktdc@ybl/P2M/81nynfw5@oksbi/BigBazaar
26/02/2022,924503,1685.87,CR,2140.97,UPI/6lhbjr656fqu@oksbi
26/02/2022,,3032.61,CR,5173.58,UPI/6du7zidtrvnp@ybl
26/02/2022,,733.17,DR,4440.41,UPI/k55v81vx99cf@ybl/P2M/jmxgjhmz@paytm/Edara
26/02/2022,815702,17.29,DR,4423.12,UPI/sz7lss0jp8t7@paytm/P2M/nfrhphlg@oksbi/VENNA
26/02/2022,,193.87,DR,4229.25,UPI/4081qv63lkwp@okaxis/P2M/pxoukxlq@oksbi/AxisBank
26/02/2022,,835.59,DR,3393.66,UPI/30ftbjgk0zpp@axl/P2M/g8zy8ems@ptbyl/BigBazaar
26/02/2022,,565.72,DR,2827.94,UPI/nw7hyomd6p9o@axl/P2M/3owhaja9@ptbsi/Chala
26/02/2022,,4501.68,CR,7329.62,UPI/8iwub9e408t4@okhdfc
26/02/2022,669636,315.42,DR,7014.2,UPI/9735kyd64wyo@okaxis/P2M/w4kb5rai@ptbsi/Flipkart
26/02/2022,,99.61,DR,6914.59,UPI/ecat4rspvnm6@oksbi/P2M/gn4cv05d@paytm/Chala
26/02/2022,,4420.57,CR,11335.16,UPI/acy0pio2p4sv@ybl
26/02/2022,858252,569.46,CR,11904.62,UPI/u3xyztriaul2@oksbi
25/02/2022,627720,213.28,DR,11691.34,UPI/ddwj7hwajsnx@ybl/P2M/90t52rzw@ptbyl/Chala
25/02/2022,,537.11,DR,11154.23,UPI/2q9anfdlzla5@oksbi/P2M/01zx2tqe@ptbsi/AxisBank
25/02/2022,,554.78,DR,10599.45,UPI/8wlv4gelkf0m@paytm/P2M/xqcnu72r@ptbyl/AxisBank
25/02/2022,312886,1303.28,DR,9296.17,UPI/8yued8weqfyr@paytm/P2M/1rpi1toc@ptbsi/VENNA
25/02/2022,,1161.47,DR,8134.7,UPI/066hgmiznk5z@okaxis/P2M/jlwla3lj@ptbyl/Chala
25/02/2022,,196.68,DR,7938.02,UPI/084rk74kc6gw@okaxis/P2M/nztd8zzx@paytm/Amazon
25/02/2022,,148.49,CR,8086.51,UPI/gmhpzhukg4av@paytm
25/02/2022,,772.0,DR,7314.51,UPI/co3ufzxc00ek@paytm/P2M/yhstvm8k@oksbi/Flipkart
25/02/2022,203058,1368.11,DR,5946.4,UPI/fvwg1qng8jl3@oksbi/P2M/275cpoyp@ptbyl/Edara
25/02/2022,356490,92.58,DR,5853.82,UPI/l1lgaqcy9eq4@oksbi/P2M/mxi0hgdv@ptbyl/Paytm
25/02/2022,,695.27,CR,6549.09,UPI/f0t08lj2m2vn@okaxis
25/02/2022,,585.83,DR,5963.26,UPI/kg7j22lpm4r7@okhdfc/P2M/57hjxfxp@ptbyl/Chala
25/02/2022,,497.63,DR,5465.63,UPI/rpxluv689100@okaxis/P2M/pnqu1hfw@ptbsi/Amazon
24/02/2022,,1481.39,CR,6947.02,UPI/ienfoinqtc5w@oksbi
24/02/2022,807502,356.37,DR,6590.65,UPI/u0dnat99cyc6@oksbi/P2M/4hmg9phu@oksbi/BigBazaar
24/02/2022,572160,1165.67,DR,5424.98,UPI/3sdmcbcqc4f3@okaxis/P2M/5geg38u9@ptbyl/Chala
24/02/2022,,650.15,DR,4774.83,UPI/wmxelgk3pzs2@oksbi/P2M/x6po98wa@paytm/BigBazaar
24/02/2022,632517,1078.83,DR,3696.0,UPI/99q7b6f3kahs@okaxis/P2M/ncxgupa2@paytm/Chala
24/02/2022,794823,3241.48,CR,6937.48,UPI/0wbrwt0r6uxy@paytm
24/02/2022,155702,213.7,DR,6723.78,UPI/dmp5fum482uw@paytm/P2M/m1n2t7bq@ptbsi/BigBazaar
24/02/2022,470532,275.55,DR,6448.23,UPI/n47mc4rcajbb@okhdfc/P2M/hp1sovjy@paytm/Amazon
24/02/2022,,1463.64,DR,4984.59,UPI/lqk7m8np30bx@okaxis/P2M/ab7ekqmy@ptbyl/Edara
24/02/2022,,687.08,DR,4297.51,UPI/7uxw1ixecwq6@paytm/P2M/gh96jrrh@paytm/BigBazaar
24/02/2022,,114.02,DR,4183.49,UPI/lk9pulohr2lm@okaxis/P2M/ty278aa0@oksbi/VENNA
24/02/2022,,994.76,DR,3188.73,UPI/l3rc4kjfpr1r@paytm/P2M/ynu0jmit@ptbyl/AxisBank
24/02/2022,592527,205.65,DR,2983.08,UPI/o9zxtd831xh7@ybl/P2M/0f63m1wh@ptbsi/VENNA
23/02/2022,439289,1131.67,DR,1851.41,UPI/jn6a9e4iu8ug@ybl/P2M/1edn5d3c@ptbyl/Flipkart
23/02/2022,,373.01,DR,1478.4,UPI/rlt9jzvr51kh@axl/P2M/hbxump24@ptbsi/AxisBank
23/02/2022,,1010.1,DR,468.3,UPI/dwzzx396crmr@okhdfc/P2M/1gfrz8kd@paytm/BigBazaar
23/02/2022,139189,3075.25,CR,3543.55,UPI/48k4r3lsi2ct@okhdfc
23/02/2022,,647.94,DR,2895.61,UPI/0p1f9crkr3so@okaxis/P2M/dn750ss3@oksbi/Edara
23/02/2022,,953.63,DR,1941.98,UPI/0d3xb6ue35yz@axl/P2M/8uhnnbpp@paytm/Edara
23/02/2022,,969.23,DR,972.75,UPI/cnziq62d52hv@okaxis/P2M/tujrrjdw@oksbi/VENNA
23/02/2022,940062,897.31,DR,75.44,UPI/mvw1inc1xex3@oksbi/P2M/pais3e1f@paytm/Airtel
23/02/2022,,1456.53,CR,1531.97,UPI/kchh90ctwwm3@okhdfc
23/02/2022,,1223.91,DR,308.06,UPI/bitneprxar3g@axl/P2M/33gda9mt@oksbi/AxisBank
22/02/2022,,3247.59,CR,3555.65,UPI/aqdmved37wv0@ybl
22/02/2022,,729.35,CR,4285.0,UPI/eot9u7shcx5p@ybl
22/02/2022,,1045.09,DR,3239.91,UPI/xdjj7753ri2x@axl/P2M/eojq99r2@paytm/Paytm
22/02/2022,,1116.09,DR,2123.82,UPI/hcevvzpld6e6@okhdfc/P2M/jmaaqgti@paytm/Paytm
22/02/2022,,1130.19,DR,993.63,UPI/6xet9f9g783s@okaxis/P2M/ammgd6i3@oksbi/Airtel
22/02/2022,857627,536.87,DR,456.76,UPI/95rvelrwryri@oksbi/P2M/teqkex2r@paytm/Airtel
21/02/2022,,249.1,DR,207.66,UPI/60t1l82ex56w@paytm/P2M/ji6zqjb2@ptbyl/Airtel
21/02/2022,612166,154.86,DR,52.8,UPI/uibgeyo06uzc@paytm/P2M/6ozwb2hp@oksbi/Airtel
21/02/2022,990625,725.59,CR,778.39,UPI/pd3u47fogaff@paytm
20/02/2022,990997,473.54,DR,304.85,UPI/nv982z7tixzj@okhdfc/P2M/t1f3nnms@oksbi/Airtel
20/02/2022,,139.57,DR,165.28,UPI/3dtaw2kfn97q@oksbi/P2M/ymupgxbj@ptbyl/Paytm
20/02/2022,,3736.26,CR,3901.54,UPI/qtdc7t2ast60@axl
20/02/2022,,71.07,DR,3830.47,UPI/ino7wydmh82e@axl/P2M/44lm08m9@oksbi/Paytm
20/02/2022,189319,4484.49,CR,8314.96,UPI/3o768yuej3mf@ybl
19/02/2022,,578.15,DR,7736.81,UPI/2nh92q0dakpt@axl/P2M/j9tdim1m@oksbi/BigBazaar
19/02/2022,,619.07,DR,7117.74,UPI/4bl449r2jdqx@axl/P2M/zmdp7ua0@ptbyl/Chala
19/02/2022,514825,146.87,DR,6970.87,UPI/oa5dsq973j76@oksbi/P2M/831xsykw@paytm/VENNA
19/02/2022,508241,641.74,DR,6329.13,UPI/zyu8jm27sk96@ybl/P2M/z4vy04rt@oksbi/BigBazaar
19/02/2022,,237.55,DR,6091.58,UPI/eyb91zsvaobp@ybl/P2M/pjqe70e4@ptbyl/BigBazaar
19/02/2022,,3531.1,CR,9622.68,UPI/7i0pj9qqzx6m@okaxis
19/02/2022,,718.3,DR,8904.38,UPI/65pnftrmxcf0@ybl/P2M/9btoly0k@ptbsi/Flipkart
19/02/2022,501987,1457.07,DR,7447.31,UPI/jawcy3tsquia@axl/P2M/b8n0zwrb@ptbyl/Amazon
19/02/2022,606294,1717.44,CR,9164.75,UPI/ssjcgp9oe30i@axl
19/02/2022,,797.49,DR,8367.26,UPI/dhkxkdekum4d@axl/P2M/72f6uu3n@ptbyl/AxisBank
19/02/2022,442859,136.4,DR,8230.86,UPI/wcrpq2a8z6yi@oksbi/P2M/zbofg398@ptbyl/Paytm
19/02/2022,362397,1198.1,DR,7032.76,UPI/1wz53seea0qm@paytm/P2M/ey1gl0kf@oksbi/AxisBank
19/02/2022,,448.53,DR,6584.23,UPI/5ts7m2nkdtig@okhdfc/P2M/az3c94wo@paytm/AxisBank
18/02/2022,,551.18,DR,6033.05,UPI/e81bupk0umzg@paytm/P2M/w7rivnhw@ptbyl/AxisBank
18/02/2022,719532,840.47,DR,5192.58,UPI/g3ug2llhwg2h@oksbi/P2M/fuk1me39@paytm/Amazon
18/02/2022,911610,329.58,DR,4863.0,UPI/b5vvei86qoqn@paytm/P2M/cqk2qd66@oksbi/Edara
18/02/2022,,964.28,DR,3898.72,UPI/g8h9wzviwd8g@axl/P2M/1ak8cbqm@ptbsi/VENNA
18/02/2022,,1203.69,DR,2695.03,UPI/v4y9nekyshif@ybl/P2M/sgjfpqte@ptbsi/VENNA
18/02/2022,939800,281.89,DR,2413.14,UPI/vsbf9cjqt5qx@axl/P2M/rz7m5111@ptbyl/Airtel
18/02/2022,790422,690.21,DR,1722.93,UPI/1ltkxsdbof7p@ybl/P2M/ey4aetcc@oksbi/BigBazaar
18/02/2022,,519.31,DR,1203.62,UPI/7h4w5sny6j9w@oksbi/P2M/cv70hk2a@oksbi/Flipkart
18/02/2022,,856.41,DR,347.21,UPI/5bf1dw2n9xxe@okaxis/P2M/yj3wy2g3@paytm/Airtel
17/02/2022,,111.16,DR,236.05,UPI/3jlmt2mf5ikx@oksbi/P2M/5hs328tc@paytm/Paytm
17/02/2022,,149.87,DR,86.18,UPI/vnuv5huyb14k@okaxis/P2M/wb8xyphi@oksbi/Airtel
17/02/2022,,4312.91,CR,4399.09,UPI/pspqu6hj01fv@paytm
17/02/2022,,485.03,DR,3914.06,UPI/7gnr9138poft@okhdfc/P2M/bz7izmot@oksbi/AxisBank
17/02/2022,352022,4738.45,CR,8652.51,UPI/a2dqk7hchjud@paytm
17/02/2022,,1414.84,DR,7237.67,UPI/6bafig0awltb@oksbi/P2M/6bn4sszn@paytm/Airtel
17/02/2022,,1197.9,DR,6039.77,UPI/17n0nk1etf7y@okhdfc/P2M/c0ir7cb7@oksbi/Airtel
17/02/2022,222126,561.43,DR,5478.34,UPI/qzwsoog2lhem@axl/P2M/ip7di04e@oksbi/BigBazaar
17/02/2022,125802,94.46,DR,5383.88,UPI/ppygoysrzwnr@okhdfc/P2M/v4h88q5a@paytm/VENNA
17/02/2022,,231.19,DR,5152.69,UPI/7usnuoucav2g@axl/P2M/cw8s1qlv@ptbsi/Chala
17/02/2022,,839.45,DR,4313.24,UPI/pfr6udsejjym@ybl/P2M/ukuubpwa@oksbi/Paytm
16/02/2022,,1289.25,DR,3023.99,UPI/zqltgy8dmbda@ybl/P2M/2okeed0m@paytm/Chala
16/02/2022,,873.79,DR,2150.2,UPI/t4e7rmx3rvoy@ybl/P2M/n8lz6kbm@paytm/VENNA
16/02/2022,334658,525.16,DR,1625.04,UPI/c9jq65xfz0r0@okhdfc/P2M/7hldck64@ptbsi/AxisBank
16/02/2022,,232.37,DR,1392.67,UPI/jkse9lm1c85v@okaxis/P2M/crdn5ppf@ptbyl/Airtel
16/02/2022,,288.11,DR,1104.56,UPI/cg67p3icq9t2@ybl/P2M/o04263hd@oksbi/Paytm
16/02/2022,,268.18,DR,836.38,UPI/tv5rjay5t4px@okhdfc/P2M/6gpkcnte@paytm/Airtel
16/02/2022,,930.27,CR,1766.65,UPI/3xwehoaeepas@paytm
16/02/2022,,365.81,CR,2132.46,UPI/p4h9pppyp16h@paytm
16/02/2022,681610,1983.25,CR,4115.71,UPI/fet2p2o92kou@axl
16/02/2022,,2558.36,CR,6674.07,UPI/0r9m7ni9qdlo@oksbi
16/02/2022,,451.3,CR,7125.37,UPI/mkb1q6lgauec@ybl
16/02/2022,297045,721.47,DR,6403.9,UPI/n7shfquj4duy@okaxis/P2M/mdzmidwn@ptbyl/AxisBank
16/02/2022,687279,18.46,DR,6385.44,UPI/wbtbb6qn2c1w@okaxis/P2M/br7q3mwh@oksbi/Edara
15/02/2022,,262.0,DR,6123.44,UPI/gz3vz2rf6168@oksbi/P2M/r16lpwrb@ptbyl/Airtel
15/02/2022,947188,329.28,DR,5794.16,UPI/3ii31boqqjmk@okaxis/P2M/ac193dqr@oksbi/VENNA
15/02/2022,387155,414.98,DR,5379.18,UPI/klzicuduywc0@oksbi/P2M/ym7jy38w@ptbsi/Edara
15/02/2022,,612.24,DR,4766.94,UPI/w0x12gmgm1f8@axl/P2M/h4so07xi@ptbyl/Flipkart
15/02/2022,,665.07,DR,4101.87,UPI/vu2audzfoe3w@okaxis/P2M/alf3sg4x@ptbyl/Edara
15/02/2022,,795.28,DR,3306.59,UPI/mzwkzw3axwvh@axl/P2M/uvdavbc7@paytm/BigBazaar
15/02/2022,611762,916.14,DR,2390.45,UPI/zmt7s08dezy8@ybl/P2M/0j4uzv33@paytm/BigBazaar
15/02/2022,,165.87,DR,2224.58,UPI/5ifbgbzt7ibw@okhdfc/P2M/4ut4r0ob@ptbsi/Paytm
15/02/2022,290142,1462.91,DR,761.67,UPI/ido33dzotm5j@okaxis/P2M/g78gp2if@oksbi/VENNA
15/02/2022,,233.21,DR,528.46,UPI/u1imbnu8vw7n@ybl/P2M/aosogwrw@oksbi/AxisBank
15/02/2022,579805,1435.26,CR,1963.72,UPI/wurhr313upqq@oksbi
14/02/2022,728383,563.96,DR,1399.76,UPI/yu924ubnpxik@okhdfc/P2M/d19qqyjz@paytm/Airtel
14/02/2022,,965.22,DR,434.54,UPI/k91jmzz3ud40@okhdfc/P2M/lq7ewcel@ptbsi/VENNA
14/02/2022,857705,4528.03,CR,4962.57,UPI/j0vuxtn8kuus@okaxis
14/02/2022,,679.58,DR,4282.99,UPI/mt8do0ny9x1a@okhdfc/P2M/38w5vcw7@oksbi/AxisBank
14/02/2022,,1235.57,DR,3047.42,UPI/q15wdmn4wv04@ybl/P2M/xnp4o0aw@ptbsi/Flipkart
14/02/2022,,298.81,DR,2748.61,UPI/i9ov8ip8wc6f@axl/P2M/ovx4y4wg@ptbsi/VENNA
13/02/2022,365646,1142.6,DR,1606.01,UPI/kfliqje5m5df@ybl/P2M/t4j6vi4j@paytm/VENNA
13/02/2022,,973.53,DR,632.48,UPI/8xgwxxqn54m0@okaxis/P2M/v1f7ugmc@paytm/AxisBank
13/02/2022,,1336.19,CR,1968.67,UPI/ov1d8ceatrki@paytm
13/02/2022,908667,1167.18,DR,801.49,UPI/swig2gjexq0e@paytm/P2M/tllt2o7w@ptbyl/Flipkart
13/02/2022,228202,563.82,DR,237.67,UPI/e3gosru3e1ed@ybl/P2M/raiqfavm@paytm/BigBazaar
12/02/2022,355575,156.62,DR,81.05,UPI/ju3dgjvelq71@paytm/P2M/0615n7vs@ptbsi/AxisBank
11/02/2022,,4193.91,CR,4274.96,UPI/9rdrm5yn4nrr@okaxis
11/02/2022,325927,729.94,DR,3545.02,UPI/wvpza18onii0@axl/P2M/f193a2qw@ptbsi/Paytm
11/02/2022,,1016.01,DR,2529.01,UPI/tqer9ulhbn4d@oksbi/P2M/ta1ainrt@ptbsi/Airtel
11/02/2022,,564.87,DR,1964.14,UPI/9cg82u5uluq2@okaxis/P2M/wl055r9k@oksbi/Edara
11/02/2022,,721.17,DR,1242.97,UPI/8lgh4b8m5kz8@axl/P2M/idhrp3sk@oksbi/Flipkart
11/02/2022,,534.76,DR,708.21,UPI/zxsapy36byw5@axl/P2M/lz0zvrh5@oksbi/Paytm
10/02/2022,,504.4,DR,203.81,UPI/986do2zpnoq4@ybl/P2M/7cnbig3o@oksbi/Amazon
10/02/2022,243277,197.26,DR,6.55,UPI/f0d8nl0ejhuo@okaxis/P2M/kbgi502h@ptbyl/Chala
10/02/2022,,4917.3,CR,4923.85,UPI/kqjf51gxwadw@okaxis
10/02/2022,,1338.13,DR,3585.72,UPI/5ppsoriv0ixh@axl/P2M/pxhxv4g1@ptbyl/VENNA
10/02/2022,,781.56,DR,2804.16,UPI/hh7lbws2mdwq@oksbi/P2M/pdn60ykm@oksbi/AxisBank
10/02/2022,126541,1386.71,DR,1417.45,UPI/8lp3hbx6u56d@paytm/P2M/rc6n858h@ptbyl/Chala
10/02/2022,,578.27,DR,839.18,UPI/veccwrkutpau@paytm/P2M/78ywan6g@ptbsi/AxisBank
09/02/2022,,574.07,DR,265.11,UPI/gu7o7yftxgou@ybl/P2M/rld2pxhr@ptbyl/Edara
09/02/2022,607464,164.23,DR,100.88,UPI/7h7alfjkr3dy@axl/P2M/yltfaljz@ptbyl/Chala
09/02/2022,226810,356.63,CR,457.51,UPI/0l810xd6r4jq@okhdfc
08/02/2022,894893,171.71,DR,285.8,UPI/7luaqzf9nf81@okaxis/P2M/2nlm87v2@paytm/BigBazaar
08/02/2022,,3855.66,CR,4141.46,UPI/1n8c5ewwmqxo@okhdfc
07/02/2022,,605.67,DR,3535.79,UPI/9plr3qey7osj@paytm/P2M/afzazlxc@oksbi/Edara
07/02/2022,,158.54,DR,3377.25,UPI/jmkqz6imoc0f@paytm/P2M/wos7trwe@oksbi/Flipkart
07/02/2022,,787.03,DR,2590.22,UPI/936d05aw8e9d@paytm/P2M/kwwkxu1d@ptbyl/AxisBank
07/02/2022,,1066.62,DR,1523.6,UPI/vtr6jb4nvbyc@axl/P2M/k330mciv@ptbsi/Paytm
07/02/2022,,314.86,DR,1208.74,UPI/gqkhf8vi5kot@ybl/P2M/iqu94kv1@oksbi/BigBazaar
07/02/2022,,582.25,DR,626.49,UPI/95mzpwtju9bg@okaxis/P2M/bk09kwt1@ptbsi/Flipkart
07/02/2022,,396.81,DR,229.68,UPI/k6hwnhxz8eck@okhdfc/P2M/57vwz91k@oksbi/Chala
07/02/2022,,2719.93,CR,2949.61,UPI/jit6v76y07h4@ybl
07/02/2022,,1169.27,DR,1780.34,UPI/erd092zqybry@paytm/P2M/lt8naexz@ptbsi/BigBazaar
07/02/2022,510360,1334.52,DR,445.82,UPI/lg94c7w2q8ei@okaxis/P2M/qzpp77zs@ptbyl/Flipkart
06/02/2022,,2175.37,CR,2621.19,UPI/shfhkoh5ixs3@okhdfc
06/02/2022,,1240.16,DR,1381.03,UPI/lpea8ya3z3dr@okhdfc/P2M/w4c7xyrv@ptbyl/Chala
06/02/2022,,896.56,DR,484.47,UPI/bzqis7vv62eh@oksbi/P2M/lr64cpkz@ptbsi/BigBazaar
06/02/2022,,451.82,DR,32.65,UPI/v5ah7omiask1@oksbi/P2M/c4o9zf04@paytm/BigBazaar
05/02/2022,,4451.69,CR,4484.34,UPI/om68dlftk8qq@okaxis
05/02/2022,,1347.58,DR,3136.76,UPI/8lp0c8nt5u5u@oksbi/P2M/k3aajz1t@ptbsi/AxisBank
05/02/2022,,1406.4,DR,1730.36,UPI/15m9uj0t4a3l@ybl/P2M/pk1n1qb8@ptbyl/Airtel
05/02/2022,,538.49,DR,1191.87,UPI/yheoc1xxsocp@axl/P2M/t1siijrz@oksbi/BigBazaar
05/02/2022,437237,978.03,DR,213.84,UPI/uh7ghhpoipp7@ybl/P2M/fumbl5dx@paytm/Edara
04/02/2022,359078,74.27,DR,139.57,UPI/z0cr9wc2sh8v@okhdfc/P2M/3i6fpoe6@oksbi/BigBazaar
04/02/2022,,4973.88,CR,5113.45,UPI/n8uqt71vx0ix@oksbi
04/02/2022,200229,1491.74,DR,3621.71,UPI/0fftnt22r4ma@ybl/P2M/wbx5x85w@oksbi/AxisBank
04/02/2022,,276.13,DR,3345.58,UPI/kmjlgv3jbg48@oksbi/P2M/oreq9o3h@paytm/Amazon
03/02/2022,,902.31,DR,2443.27,UPI/oiqouqqfvgux@okhdfc/P2M/dfgkydez@ptbyl/Airtel
03/02/2022,,1598.7,CR,4041.97,UPI/9ekfotvgwvy8@paytm
03/02/2022,304223,357.04,DR,3684.93,UPI/3jfjrgw4hz9z@okaxis/P2M/kmf7orh0@ptbsi/Paytm
03/02/2022,,1481.86,DR,2203.07,UPI/z5rurn65zwo1@paytm/P2M/vx550dcy@paytm/VENNA
03/02/2022,129100,235.71,CR,2438.78,UPI/ynqe0vb0ogee@okhdfc
03/02/2022,,967.95,DR,1470.83,UPI/4duexmlwkxm1@okaxis/P2M/bvj9031y@paytm/BigBazaar
03/02/2022,,636.84,DR,833.99,UPI/oe7r35r2821s@axl/P2M/sxy5azo8@paytm/Flipkart
03/02/2022,,422.72,DR,411.27,UPI/bgrgz9e4zwxq@okaxis/P2M/zwgu9i05@paytm/Flipkart
03/02/2022,,2408.51,CR,2819.78,UPI/ixdlh26ood46@okaxis
03/02/2022,,523.36,DR,2296.42,UPI/6joqh7msav3m@oksbi/P2M/0nvp7anq@ptbyl/Flipkart
03/02/2022,,1069.81,DR,1226.61,UPI/of2ynvxegyn7@axl/P2M/irmmq76r@oksbi/Airtel
03/02/2022,539330,694.82,CR,1921.43,UPI/u9t44fm0rc6p@paytm
03/02/2022,,1408.68,DR,512.75,UPI/9usgdb4dqd7y@paytm/P2M/2884t18w@ptbyl/Amazon
02/02/2022,914627,482.55,DR,30.2,UPI/ei38fa9mbzy8@paytm/P2M/rzcq4w1r@ptbsi/BigBazaar
02/02/2022,924252,2241.09,CR,2271.29,UPI/j4n84znr4ed4@axl
01/02/2022,661612,1302.71,DR,968.58,UPI/mtcioceuz1xm@okhdfc/P2M/6imxeu76@ptbsi/VENNA
01/02/2022,,864.31,DR,104.27,UPI/g6pzuzd9fsct@ybl/P2M/5gec1ai2@paytm/AxisBank
01/02/2022,,4722.75,CR,4827.02,UPI/sgdt4kyjpknv@okaxis
01/02/2022,609460,600.48,DR,4226.54,UPI/shuwxiej1e99@okhdfc/P2M/btecleco@paytm/VENNA
01/02/2022,887504,490.81,DR,3735.73,UPI/gvb840wn53xb@paytm/P2M/twfpqark@ptbsi/Amazon
01/02/2022,,328.99,DR,3406.74,UPI/fhsa87z2rged@axl/P2M/wib42bxx@paytm/Edara
01/02/2022,145518,1122.8,DR,2283.94,UPI/c66ai3l3ffxe@ybl/P2M/doaryref@oksbi/Chala
01/02/2022,837729,4669.05,CR,6952.99,UPI/qe7xnqqbdoje@oksbi
01/02/2022,880936,1166.5,DR,5786.49,UPI/74zmmhi9fhtq@okhdfc/P2M/frrjwogk@ptbsi/BigBazaar
01/02/2022,182851,232.14,DR,5554.35,UPI/myz3vpnmpw8y@oksbi/P2M/kyo12pkk@ptbsi/Amazon
01/02/2022,896106,991.01,DR,4563.34,UPI/4hc6jtl8zyqy@ybl/P2M/siy7qq8d@ptbyl/Chala
01/02/2022,,953.24,CR,5516.58,UPI/fuueyaftltlm@axl
01/02/2022,376580,124.67,DR,5391.91,UPI/p1pefkerl3u0@ybl/P2M/0ykrxej5@paytm/VENNA
31/01/2022,131401,664.47,DR,4727.44,UPI/fhzufb2hrczi@okaxis/P2M/f306crhr@paytm/Flipkart
31/01/2022,,443.03,DR,4284.41,UPI/hnkyk6ahl73u@oksbi/P2M/bnica07y@ptbyl/VENNA
31/01/2022,931563,938.05,DR,3346.36,UPI/85py962k6dpg@ybl/P2M/y9haqqqq@paytm/BigBazaar
31/01/2022,920191,133.07,DR,3213.29,UPI/t5d7c5oha3i2@okhdfc/P2M/531dt25r@ptbyl/BigBazaar
31/01/2022,,207.23,DR,3006.06,UPI/umecigdgor42@okaxis/P2M/ju7vxzag@ptbyl/BigBazaar
31/01/2022,,3504.45,CR,6510.51,UPI/gscap4474c4q@okhdfc
31/01/2022,341922,709.11,DR,5801.4,UPI/04xd2a47ve27@okhdfc/P2M/mfn4srq0@paytm/Paytm
31/01/2022,,60.01,DR,5741.39,UPI/3iqt2p0bb8hb@oksbi/P2M/5q65yw53@ptbyl/Airtel
31/01/2022,467496,1339.18,DR,4402.21,UPI/oyxp85ieedjk@okaxis/P2M/0jaj30iu@oksbi/Airtel
31/01/2022,,1450.22,DR,2951.99,UPI/z8yz07ecgjob@okaxis/P2M/apxvv28e@ptbsi/Chala
31/01/2022,822887,717.14,DR,2234.85,UPI/ne5avwjbzi2b@okhdfc/P2M/fwfecz1n@ptbyl/Amazon
31/01/2022,672990,1049.86,DR,1184.99,UPI/jzcp1pka0fu0@oksbi/P2M/aa117kid@ptbsi/Airtel
31/01/2022,,305.72,CR,1490.71,UPI/hf5hayp5i1cq@paytm
30/01/2022,686888,1192.42,DR,298.29,UPI/tpngq4ds7rdi@paytm/P2M/tqsbgz85@paytm/Airtel
30/01/2022,864706,119.23,DR,179.06,UPI/n1mqaf81vys8@axl/P2M/f2bajzr3@ptbsi/Flipkart
30/01/2022,839560,1060.52,CR,1239.58,UPI/jucyws2u6fcw@ybl
30/01/2022,914821,1230.77,DR,8.81,UPI/ply4n6w5pjsh@okhdfc/P2M/6q66n6k0@oksbi/AxisBank
28/01/2022,549005,4843.5,CR,4852.31,UPI/gskunr7j6l87@oksbi
28/01/2022,450716,1464.21,DR,3388.1,UPI/ik8yclb65aln@paytm/P2M/uco8xw3r@ptbyl/BigBazaar
28/01/2022,,2414.55,CR,5802.65,UPI/l9q56wknbp65@axl
28/01/2022,,813.13,DR,4989.52,UPI/epsx6nzwaiao@axl/P2M/nlecfgl1@ptbsi/AxisBank
28/01/2022,,421.38,DR,4568.14,UPI/c43rgwm1poc6@ybl/P2M/f7ihe33q@paytm/Amazon
28/01/2022,329882,552.68,DR,4015.46,UPI/4rlj7hpxvk5a@ybl/P2M/gvpg4gh5@ptbyl/BigBazaar
28/01/2022,,87.57,DR,3927.89,UPI/bcwmuz6rh03w@ybl/P2M/ed2y3jvr@ptbyl/AxisBank
28/01/2022,512648,1303.69,DR,2624.2,UPI/fq88ohewy2ru@oksbi/P2M/krcecr1v@oksbi/Airtel
28/01/2022,,3326.18,CR,5950.38,UPI/c5f2j8pqvgbe@axl
28/01/2022,556795,983.0,DR,4967.38,UPI/im4032qydde1@oksbi/P2M/vbx1otvj@paytm/BigBazaar
28/01/2022,,1455.18,DR,3512.2,UPI/e2tjq4hheye6@okaxis/P2M/3b1nhsbh@ptbsi/Edara
27/01/2022,280314,671.97,DR,2840.23,UPI/bknzqtkr6m4b@oksbi/P2M/a9vea1v7@oksbi/BigBazaar
27/01/2022,,238.88,DR,2601.35,UPI/1fjtpu6i5733@axl/P2M/3powc8qi@oksbi/Flipkart
27/01/2022,,426.06,DR,2175.29,UPI/hw1w7wg6m3yp@okaxis/P2M/p2691h54@paytm/Chala
27/01/2022,,1021.47,CR,3196.76,UPI/br2v1z6ubrb2@axl
27/01/2022,190981,200.33,DR,2996.43,UPI/dn9wzq2lxrj2@axl/P2M/c25ey1d0@ptbsi/Airtel
27/01/2022,851893,1432.51,DR,1563.92,UPI/etr82gm7tn0b@paytm/P2M/q38uqlbc@ptbyl/AxisBank
27/01/2022,,1121.43,DR,442.49,UPI/smi7jji4dzbe@okaxis/P2M/4yjvwwt3@oksbi/Paytm
27/01/2022,,441.85,DR,0.64,UPI/rdchbltdzpc7@okaxis/P2M/bkogeqc9@ptbyl/VENNA
26/01/2022,,1260.71,CR,1261.35,UPI/9h8upd0oy2w6@axl
26/01/2022,,722.75,DR,538.6,UPI/edh96ivhij3v@oksbi/P2M/is8mj2e7@paytm/BigBazaar
26/01/2022,,83.37,DR,455.23,UPI/a622i4pwt8us@paytm/P2M/w94ysr6h@ptbsi/Airtel
25/01/2022,177390,108.9,DR,346.33,UPI/c9n47jic3eby@okaxis/P2M/o52a8xjo@oksbi/Edara
25/01/2022,,82.05,DR,264.28,UPI/sl42fpfi0byj@paytm/P2M/027js3la@paytm/Airtel
25/01/2022,523028,14.02,DR,250.26,UPI/skzzlylxzj4v@paytm/P2M/erecrrv5@ptbsi/Chala
25/01/2022,907782,208.59,DR,41.67,UPI/szqgp9jaogs5@ybl/P2M/3m1h62ff@ptbyl/Flipkart
24/01/2022,,914.2,CR,955.87,UPI/sgznibh9vqbs@okhdfc
24/01/2022,,363.41,DR,592.46,UPI/hb7svvjwzrvt@okaxis/P2M/lry12xui@ptbsi/Airtel
24/01/2022,,162.12,CR,754.58,UPI/4smv7oredng4@oksbi
24/01/2022,,636.21,DR,118.37,UPI/pkpwhgm9tfe3@okhdfc/P2M/mnbuxibr@paytm/VENNA
23/01/2022,,3041.91,CR,3160.28,UPI/1p1uqh5bfomu@okaxis
23/01/2022,196216,734.49,DR,2425.79,UPI/zef7ze0aqatp@axl/P2M/98ipz35k@paytm/Amazon
23/01/2022,550160,1317.15,DR,1108.64,UPI/64isyd02edw5@okhdfc/P2M/bz3uzyyh@ptbsi/Airtel
23/01/2022,364953,638.56,DR,470.08,UPI/vq7fx97wzsd5@oksbi/P2M/jh4kxqqt@ptbyl/BigBazaar
23/01/2022,486773,3926.78,CR,4396.86,UPI/m9n36ivjnavd@oksbi
23/01/2022,,961.06,DR,3435.8,UPI/e089ri4nk7ld@axl/P2M/w5czw1ta@paytm/Flipkart
23/01/2022,,999.28,DR,2436.52,UPI/jwbolnuipsf3@oksbi/P2M/584sa1va@paytm/VENNA
23/01/2022,342906,289.83,DR,2146.69,UPI/0y3mql01urpr@axl/P2M/9lqgqgmf@ptbsi/Amazon
22/01/2022,360697,57.36,DR,2089.33,UPI/97mxbz0sv35k@ybl/P2M/ue4uz4zg@oksbi/BigBazaar
22/01/2022,998653,1258.23,DR,831.1,UPI/e2utciolnvly@okhdfc/P2M/30roob8v@oksbi/Edara
22/01/2022,,1654.38,CR,2485.48,UPI/zzb93zyaplc9@okaxis
22/01/2022,217903,3275.12,CR,5760.6,UPI/xry5jiepqofy@okhdfc
22/01/2022,,1310.73,DR,4449.87,UPI/pqsspb788463@okaxis/P2M/gfxt82kf@oksbi/Edara
22/01/2022,,20.44,DR,4429.43,UPI/zznve579w1kn@paytm/P2M/53tlb43g@ptbsi/Paytm
22/01/2022,,915.95,DR,3513.48,UPI/uoaqbgfxdjy0@axl/P2M/3bacslh6@ptbsi/VENNA
22/01/2022,,825.63,CR,4339.11,UPI/35cz9ni1r3e5@axl
22/01/2022,381248,953.94,DR,3385.17,UPI/8c7fo092bemv@okhdfc/P2M/8gqdmql4@paytm/Amazon
22/01/2022,879070,21.73,DR,3363.44,UPI/yyc853krewfs@oksbi/P2M/bw2ranhg@oksbi/Paytm
22/01/2022,,829.12,DR,2534.32,UPI/ch4lbephx4mx@paytm/P2M/mnl17tmx@oksbi/Flipkart
22/01/2022,793416,898.67,DR,1635.65,UPI/vgxr892wr1p5@oksbi/P2M/zq8m9gqp@paytm/Flipkart
21/01/2022,,303.15,DR,1332.5,UPI/kavkdbc3cxmi@axl/P2M/vkmbdu36@paytm/Flipkart
21/01/2022,,863.0,DR,469.5,UPI/el3rbdc2w9ey@axl/P2M/jvb54x78@paytm/Paytm
21/01/2022,,154.37,DR,315.13,UPI/z6ebwt1u8pjh@oksbi/P2M/4bmn5csm@oksbi/BigBazaar
21/01/2022,416670,41.98,DR,273.15,UPI/u1l5oc2wp6pb@oksbi/P2M/sw80jtdl@oksbi/Amazon
21/01/2022,,224.36,DR,48.79,UPI/bdx1gq9j00un@axl/P2M/y3plnh31@ptbsi/BigBazaar
21/01/2022,760078,4209.97,CR,4258.76,UPI/ycg5d97gbsif@okhdfc
21/01/2022,,2815.56,CR,7074.32,UPI/w978ka7sr5co@okaxis
21/01/2022,,350.44,DR,6723.88,UPI/6w9vageljqfa@paytm/P2M/z8xqczqp@ptbyl/Airtel
20/01/2022,,177.54,DR,6546.34,UPI/cxlndm8khyjl@okaxis/P2M/axrf7dlq@ptbsi/AxisBank
20/01/2022,,1450.76,DR,5095.58,UPI/p9oa0wjo6wse@okhdfc/P2M/jjumxicc@ptbyl/Amazon
20/01/2022,,2626.23,CR,7721.81,UPI/q9nygip41bby@okaxis
20/01/2022,857140,2417.77,CR,10139.58,UPI/yyn2ge82ysyq@okhdfc
20/01/2022,840298,1351.95,DR,8787.63,UPI/naw1ej9yvsi7@okaxis/P2M/kamb5uxk@ptbsi/AxisBank
20/01/2022,477973,97.45,DR,8690.18,UPI/kzutderja5rl@paytm/P2M/83bpoobt@ptbyl/Paytm
20/01/2022,,256.6,DR,8433.58,UPI/r1w3jqeigkcc@okaxis/P2M/r9xeeycy@oksbi/AxisBank
20/01/2022,,840.21,CR,9273.79,UPI/xsdyak1g1nrc@oksbi
20/01/2022,,112.61,DR,9161.18,UPI/2onx3vojzbvh@okaxis/P2M/52o9a59k@ptbsi/Amazon
20/01/2022,,349.46,DR,8811.72,UPI/nas0fi8ii1pb@paytm/P2M/tqamqafz@ptbyl/Airtel
20/01/2022,194528,68.65,DR,8743.07,UPI/jnluu8fc0b7q@okhdfc/P2M/u64ys6i7@ptbsi/Amazon
20/01/2022,,707.92,DR,8035.15,UPI/j05u2yjhjewc@okaxis/P2M/f8g453ou@paytm/Amazon
19/01/2022,,489.33,DR,7545.82,UPI/0so99nhuvmly@okhdfc/P2M/ecvyiyhn@oksbi/Amazon
19/01/2022,,1009.1,DR,6536.72,UPI/spif6gjlx9tc@oksbi/P2M/tyj4vrrt@paytm/Flipkart
19/01/2022,110079,330.17,DR,6206.55,UPI/pacreoxwnw25@okhdfc/P2M/twvipcra@ptbsi/AxisBank
19/01/2022,,1449.48,DR,4757.07,UPI/4rhofjl9bzoj@okaxis/P2M/20qbbm1i@ptbyl/Airtel
19/01/2022,388284,969.47,DR,3787.6,UPI/731m2y4eyu7i@okhdfc/P2M/5w99ou6t@ptbyl/VENNA
19/01/2022,,422.68,DR,3364.92,UPI/4kps5rv3fngq@ybl/P2M/r12zj5xf@ptbsi/VENNA
19/01/2022,,1042.78,DR,2322.14,UPI/sw9bbase5hp6@ybl/P2M/hhusowv6@oksbi/Edara
19/01/2022,,744.87,DR,1577.27,UPI/nb3yx5occb8p@okhdfc/P2M/pz88xqvm@ptbyl/Airtel
19/01/2022,689541,857.71,DR,719.56,UPI/msm2h5652vki@axl/P2M/i9ba018s@paytm/AxisBank
19/01/2022,826710,643.74,DR,75.82,UPI/dq1lthk417zw@ybl/P2M/042z1lx2@ptbsi/Amazon
18/01/2022,,4232.51,CR,4308.33,UPI/nsthe55ahwrc@axl
18/01/2022,,119.82,DR,4188.51,UPI/8n4swwmhcdwe@okaxis/P2M/s08qey24@paytm/Airtel
18/01/2022,,3731.97,CR,7920.48,UPI/cohmyuhquf9q@okaxis
18/01/2022,,379.9,DR,7540.58,UPI/vnxlx975y18y@paytm/P2M/ut70dq12@paytm/Edara
18/01/2022,471964,4891.22,CR,12431.8,UPI/gojikhvkiwxy@oksbi
18/01/2022,,132.08,DR,12299.72,UPI/tblr50qp4vwh@oksbi/P2M/2o4k9d3b@oksbi/AxisBank
18/01/2022,,630.21,DR,11669.51,UPI/1rjuutj1exp4@oksbi/P2M/xdxk1cmt@oksbi/Chala
18/01/2022,,996.9,DR,10672.61,UPI/2x5cj7um6ibp@axl/P2M/jq7n08pe@ptbsi/BigBazaar
18/01/2022,,2263.19,CR,12935.8,UPI/rcodpol07jnq@paytm
18/01/2022,,859.13,DR,12076.67,UPI/zmchgh6zdhm7@okaxis/P2M/fubjylq2@ptbyl/Amazon
18/01/2022,,36.24,DR,12040.43,UPI/1yggrukna5i9@okhdfc/P2M/4rwd4cmt@oksbi/Flipkart
17/01/2022,150461,103.01,DR,11937.42,UPI/gpn62c34z578@okaxis/P2M/8hbisilm@ptbyl/Paytm
17/01/2022,,394.77,DR,11542.65,UPI/idec59136jbw@paytm/P2M/ry4zts6y@ptbyl/VENNA
17/01/2022,,1468.96,DR,10073.69,UPI/sgz081jta43j@okaxis/P2M/d0z8biha@oksbi/Flipkart
17/01/2022,,1173.42,DR,8900.27,UPI/dhz3mf1g7tkr@ybl/P2M/5znq92zl@ptbsi/VENNA
17/01/2022,,1156.53,DR,7743.74,UPI/0i9hhq9zh30n@okaxis/P2M/6t4gwl5u@paytm/VENNA
17/01/2022,243038,758.89,DR,6984.85,UPI/yh920dof1mnz@paytm/P2M/ak27zfmw@paytm/Edara
17/01/2022,294068,1007.86,DR,5976.99,UPI/3mbg3v5dbtv6@axl/P2M/wurxxlah@oksbi/Amazon
17/01/2022,,1027.33,DR,4949.66,UPI/vl0lvr8dh1mr@okaxis/P2M/9v5leu1w@ptbsi/BigBazaar
17/01/2022,,1375.06,DR,3574.6,UPI/tkcr6z9snt5h@okhdfc/P2M/2zmtkzau@oksbi/Edara
17/01/2022,,67.46,DR,3507.14,UPI/lmmq3mf8xe2x@oksbi/P2M/qfwhh10q@ptbyl/VENNA
17/01/2022,709320,1006.05,DR,2501.09,UPI/mqxs0q9ltfn0@okaxis/P2M/nl4fwfrz@ptbyl/Amazon
17/01/2022,,447.82,DR,2053.27,UPI/qledw968inta@okhdfc/P2M/hcevtj38@ptbsi/Amazon
16/01/2022,985838,411.72,DR,1641.55,UPI/h39z6fpgsarb@ybl/P2M/rgdt7tbm@ptbyl/VENNA
16/01/2022,676339,159.69,DR,1481.86,UPI/3dla8ff56cz1@paytm/P2M/r2hwoysd@ptbyl/VENNA
16/01/2022,430776,927.18,DR,554.68,UPI/2jnjbit086e9@okhdfc/P2M/blfkrqg6@ptbsi/BigBazaar
16/01/2022,,457.57,DR,97.11,UPI/gv6fbrdebr7p@axl/P2M/e3c11770@paytm/Edara
16/01/2022,,4693.02,CR,4790.13,UPI/o4wm9t9cl56n@ybl
16/01/2022,,850.44,DR,3939.69,UPI/c1mxc9l8er8a@oksbi/P2M/ce2pbib0@paytm/BigBazaar
16/01/2022,369885,680.03,DR,3259.66,UPI/74reibrf3zme@paytm/P2M/ovpwjrsg@paytm/BigBazaar
16/01/2022,,1282.85,DR,1976.81,UPI/ge1asbja2crx@okaxis/P2M/e3mapcp9@ptbyl/AxisBank
16/01/2022,,2640.7,CR,4617.51,UPI/yk6gr4tprved@ybl
16/01/2022,,3938.46,CR,8555.97,UPI/375uhp0rbjra@okaxis
16/01/2022,114685,1566.52,CR,10122.49,UPI/s9lk4gyadi0g@oksbi
15/01/2022,689581,835.03,DR,9287.46,UPI/05s8yhe4nwer@paytm/P2M/a7uywqye@paytm/Paytm
15/01/2022,537871,1276.9,DR,8010.56,UPI/a6hgcg3ilum6@oksbi/P2M/m2mipttt@ptbsi/Amazon
15/01/2022,,569.85,DR,7440.71,UPI/tyepe8t67h1g@paytm/P2M/hhnikavu@paytm/Chala
15/01/2022,,57.92,DR,7382.79,UPI/7ln3g1cty26x@axl/P2M/rsh05q8o@oksbi/Flipkart
15/01/2022,,1069.94,DR,6312.85,UPI/nim1318ak347@ybl/P2M/nrtkcxyw@paytm/Flipkart
15/01/2022,506748,2041.17,CR,8354.02,UPI/k3j08kcutt6z@paytm
15/01/2022,,1107.51,DR,7246.51,UPI/5yffsxxm5w11@oksbi/P2M/k88u3xdm@ptbsi/Paytm
15/01/2022,785584,1391.82,DR,5854.69,UPI/0s31srpfzq8g@axl/P2M/2qjo0v5j@oksbi/AxisBank
15/01/2022,,295.75,DR,5558.94,UPI/q8kxtg1wdpuz@okhdfc/P2M/30ro4qty@paytm/Edara
15/01/2022,,1021.02,DR,4537.92,UPI/08zmoa5uot29@okhdfc/P2M/k4ch4o3p@paytm/BigBazaar
15/01/2022,,581.18,DR,3956.74,UPI/opnwi5semenf@okhdfc/P2M/tuwxuf2b@ptbsi/Flipkart
15/01/2022,,1185.84,DR,2770.9,UPI/k35uaf0ux435@ybl/P2M/5s7oi4l8@oksbi/Paytm
14/01/2022,,1441.18,DR,1329.72,UPI/12shh6phfpzp@okaxis/P2M/60tc6swt@ptbyl/Chala
14/01/2022,,948.46,DR,381.26,UPI/ud8vpqxss9bf@axl/P2M/gl9ap2ak@oksbi/Paytm
14/01/2022,,4316.43,CR,4697.69,UPI/lkbbt47wrrqw@okaxis
14/01/2022,,963.06,DR,3734.63,UPI/vhe5774qah49@okaxis/P2M/zwr3egf9@paytm/BigBazaar
14/01/2022,,592.14,DR,3142.49,UPI/ew7kn2izsb7t@oksbi/P2M/s3g5c5ug@ptbyl/Amazon
14/01/2022,,347.88,DR,2794.61,UPI/yd2vcysapqid@oksbi/P2M/z4uhu94h@oksbi/AxisBank
14/01/2022,586282,113.75,DR,2680.86,UPI/9yjrdmph29ya@okaxis/P2M/3xzkhxxj@ptbyl/Airtel
14/01/2022,,87.87,DR,2592.99,UPI/v9742zlxgjzj@okaxis/P2M/i734ccc1@ptbyl/AxisBank
14/01/2022,114835,752.07,DR,1840.92,UPI/kpvrnixdv27a@okhdfc/P2M/4ptnetki@ptbyl/VENNA
14/01/2022,334028,195.23,DR,1645.69,UPI/for5d7ehxo9g@oksbi/P2M/kiirapl6@ptbyl/Flipkart
14/01/2022,,646.95,DR,998.74,UPI/56dy1xhy3f20@oksbi/P2M/1xnpz0wg@ptbyl/VENNA
13/01/2022,,668.85,DR,329.89,UPI/51xdiepd572u@ybl/P2M/az3oqg4x@ptbsi/Paytm
13/01/2022,391774,191.39,DR,138.5,UPI/7kf0skf9kqqx@okhdfc/P2M/g6l408wf@paytm/AxisBank
13/01/2022,,3665.66,CR,3804.16,UPI/sr4usp172c0g@ybl
13/01/2022,,1235.32,DR,2568.84,UPI/r3grqniushga@ybl/P2M/6wnhnac7@paytm/BigBazaar
12/01/2022,511471,340.1,DR,2228.74,UPI/ovlbdyvkm1sk@oksbi/P2M/o1ktccq2@oksbi/Chala
12/01/2022,,1307.78,DR,920.96,UPI/j7upzlbhosdk@paytm/P2M/k13p3fn1@oksbi/Airtel
12/01/2022,,526.26,DR,394.7,UPI/iijvceblgky8@paytm/P2M/hh77jjdt@oksbi/Flipkart
12/01/2022,,272.53,DR,122.17,UPI/fp8eg16q15k2@okaxis/P2M/1tyvzgui@ptbyl/Airtel
12/01/2022,526758,712.8,CR,834.97,UPI/ftheb4crkev9@okhdfc
12/01/2022,793850,697.62,DR,137.35,UPI/ns6m6rd0ekbm@axl/P2M/xawf5m2p@ptbyl/BigBazaar
11/01/2022,467527,2585.14,CR,2722.49,UPI/dd9k2lo4oc2i@okaxis
11/01/2022,,1298.55,DR,1423.94,UPI/wuff84if087j@axl/P2M/pi6s9h26@ptbyl/Amazon
11/01/2022,317581,1421.49,DR,2.45,UPI/krqndgcjn316@okaxis/P2M/4q5k0v45@paytm/Airtel
11/01/2022,,584.49,CR,586.94,UPI/yf5kussvyfej@axl
11/01/2022,,254.68,DR,332.26,UPI/2oix7xz37vrt@okhdfc/P2M/dqsud00b@paytm/VENNA
11/01/2022,,292.62,DR,39.64,UPI/gwybluq396gh@paytm/P2M/qg7rx9ce@oksbi/Paytm
09/01/2022,,3420.58,CR,3460.22,UPI/kqqm11huuep4@okaxis
09/01/2022,287320,549.03,DR,2911.19,UPI/z3f8cqln50dd@okhdfc/P2M/07l02j6m@oksbi/Chala
09/01/2022,,4751.54,CR,7662.73,UPI/fxpgzf08j9cc@paytm
09/01/2022,,861.45,CR,8524.18,UPI/375r5fznm3q7@paytm
09/01/2022,114796,1174.64,DR,7349.54,UPI/euvjx9zu0dx2@okaxis/P2M/xgdbvqca@ptbyl/Edara
09/01/2022,,1288.29,DR,6061.25,UPI/2i4m7f6a7ws5@paytm/P2M/4ei4bka8@paytm/Edara
09/01/2022,,384.61,DR,5676.64,UPI/47tccujbbgjs@okhdfc/P2M/7dgq6yef@ptbsi/Airtel
09/01/2022,,1382.4,DR,4294.24,UPI/qdlwjeakh2nn@paytm/P2M/55mymnda@ptbsi/AxisBank
09/01/2022,,275.6,DR,4018.64,UPI/ozi5bxsu12aq@axl/P2M/rzfo51pg@ptbyl/Airtel
08/01/2022,,216.37,DR,3802.27,UPI/w5uufph69ieq@oksbi/P2M/no9qs64t@ptbsi/Flipkart
08/01/2022,,1175.89,DR,2626.38,UPI/bt1in7yj8ogr@okhdfc/P2M/rfvrspep@ptbyl/Chala
08/01/2022,296369,173.34,DR,2453.04,UPI/1951miuvo0wm@axl/P2M/phakiaos@ptbyl/BigBazaar
08/01/2022,599483,3987.16,CR,6440.2,UPI/1wlvrhfpfh6z@ybl
08/01/2022,693030,917.97,DR,5522.23,UPI/i8w9q8b6dhg2@ybl/P2M/19ualh2o@ptbyl/BigBazaar
08/01/2022,983877,522.06,DR,5000.17,UPI/6uvlsxbq2cpg@okhdfc/P2M/st1sq3il@ptbyl/Flipkart
08/01/2022,,349.42,CR,5349.59,UPI/nkk7dcltsgtc@axl
08/01/2022,,1523.29,CR,6872.88,UPI/el0hcm63i19i@oksbi
08/01/2022,,696.76,DR,6176.12,UPI/8ct1pjw8ad3u@axl/P2M/4hhgal4k@ptbsi/AxisBank
08/01/2022,932749,1235.93,DR,4940.19,UPI/8jm28gag4y0p@okaxis/P2M/mpsgazwb@ptbsi/Flipkart
08/01/2022,497051,3936.05,CR,8876.24,UPI/27hwqm5okcqh@ybl
08/01/2022,562269,1213.42,DR,7662.82,UPI/p983pwc2msps@axl/P2M/k8twk02o@oksbi/AxisBank
07/01/2022,,1416.94,DR,6245.88,UPI/7ox46p7bst40@ybl/P2M/euvne3wv@oksbi/Edara
07/01/2022,,791.12,CR,7037.0,UPI/ho8hmha0rpn6@paytm
07/01/2022,,1951.4,CR,8988.4,UPI/4ck76wppxmz7@axl
07/01/2022,248853,688.61,DR,8299.79,UPI/9dgdp07gljjj@oksbi/P2M/81bgb3dy@paytm/Flipkart
07/01/2022,235460,854.37,DR,7445.42,UPI/gqhxavejy6z0@axl/P2M/by1po2ry@paytm/BigBazaar
07/01/2022,,891.64,DR,6553.78,UPI/78mfwv31dh1j@ybl/P2M/9bkjt6c4@paytm/AxisBank
07/01/2022,592236,794.09,DR,5759.69,UPI/o2t05jqop8f4@axl/P2M/dnxfhuv6@oksbi/BigBazaar
07/01/2022,523103,552.0,DR,5207.69,UPI/rmpgjty0ajyl@paytm/P2M/puavjrq2@ptbsi/Paytm
07/01/2022,,4973.55,CR,10181.24,UPI/b4qvrz09hreh@okhdfc
07/01/2022,,130.33,DR,10050.91,UPI/e1tiptq4q25d@paytm/P2M/wynskt48@ptbsi/AxisBank
07/01/2022,155692,114.56,DR,9936.35,UPI/dh1jyhz7ijuj@paytm/P2M/7dk93su2@paytm/Chala
07/01/2022,798435,621.59,DR,9314.76,UPI/wo6z6tomo2bz@okhdfc/P2M/uppycll3@oksbi/VENNA
06/01/2022,,638.23,DR,8676.53,UPI/vi9ckxbudux2@okaxis/P2M/svzsf1sp@oksbi/Edara
06/01/2022,379747,968.85,DR,7707.68,UPI/790ne26z2pfq@okaxis/P2M/5nyybg35@paytm/Flipkart
06/01/2022,,3500.64,CR,11208.32,UPI/873owl9d98mf@okhdfc
06/01/2022,,1346.53,DR,9861.79,UPI/44117ttabcgp@paytm/P2M/db9zkqlt@ptbyl/Amazon
06/01/2022,499480,1420.59,DR,8441.2,UPI/jxdek9iphcky@okaxis/P2M/jmgi82r8@paytm/BigBazaar
06/01/2022,,4173.24,CR,12614.44,UPI/209q0hqjigsu@ybl
06/01/2022,296218,827.09,DR,11787.35,UPI/u00phd4i5pli@paytm/P2M/t8w9l6o3@oksbi/Edara
06/01/2022,861352,1141.52,DR,10645.83,UPI/yvmj7iiwb0yy@okhdfc/P2M/4vyqykrv@oksbi/AxisBank
06/01/2022,,3115.49,CR,13761.32,UPI/pm0etai80w68@paytm
06/01/2022,,443.55,DR,13317.77,UPI/yqp6gawhenfl@axl/P2M/2ehwlkhh@ptbyl/Paytm
06/01/2022,,547.6,DR,12770.17,UPI/qo3olt4y709z@axl/P2M/er55j5u3@oksbi/AxisBank
06/01/2022,,801.54,DR,11968.63,UPI/7i2rhdmxui3i@paytm/P2M/auc0h3gd@ptbsi/VENNA
05/01/2022,,268.28,DR,11700.35,UPI/q4z9610tbx3w@ybl/P2M/r6ms63eq@oksbi/Airtel
05/01/2022,,213.86,DR,11486.49,UPI/000zuh8jn3ct@paytm/P2M/1p6gbmcf@ptbyl/Edara
05/01/2022,161012,665.38,DR,10821.11,UPI/d9dev26mr1jg@oksbi/P2M/6s3w4e9d@paytm/Paytm
05/01/2022,,1139.56,CR,11960.67,UPI/atqjdwibneyp@oksbi
05/01/2022,982927,974.27,DR,10986.4,UPI/49af42ir2zp5@okhdfc/P2M/i70wluu1@ptbyl/Amazon
05/01/2022,516007,348.82,DR,10637.58,UPI/httzq7wgedx2@paytm/P2M/h440osz4@paytm/Chala
05/01/2022,,4334.03,CR,14971.61,UPI/2bbi5dbpjg4d@axl
05/01/2022,472957,426.58,DR,14545.03,UPI/vtpxupr9tqad@paytm/P2M/tgmhp4tk@ptbsi/Flipkart
05/01/2022,,281.85,DR,14263.18,UPI/hiovjud60vck@okaxis/P2M/horqsh53@oksbi/BigBazaar
05/01/2022,991851,4693.12,CR,18956.3,UPI/4c0arbwmsdsf@okhdfc
05/01/2022,,848.62,DR,18107.68,UPI/7dxr2q08tf48@paytm/P2M/k8yumvos@ptbyl/Chala
05/01/2022,411977,102.75,DR,18004.93,UPI/m2x4exs1y574@axl/P2M/3ju8hbwp@oksbi/Paytm
04/01/2022,,1427.47,CR,19432.4,UPI/8tnu1n0h5lqx@okaxis
04/01/2022,,1417.13,DR,18015.27,UPI/t4jl60k1g8o6@paytm/P2M/bq4uyi4h@ptbsi/Paytm
04/01/2022,939216,716.48,DR,17298.79,UPI/n87ogvhyhlxa@okaxis/P2M/ncdhgbra@ptbyl/BigBazaar
04/01/2022,,1302.89,DR,15995.9,UPI/v9kckcndjybe@okhdfc/P2M/ubd4k5af@oksbi/Flipkart
04/01/2022,,4024.73,CR,20020.63,UPI/66cy89mvwm44@ybl
04/01/2022,,227.92,DR,19792.71,UPI/2ferg41cdsr8@okaxis/P2M/7hbc4pz2@paytm/Airtel
04/01/2022,,1382.27,DR,18410.44,UPI/7v0ysm65nzju@paytm/P2M/4c6s17hr@paytm/BigBazaar
04/01/2022,,1240.87,CR,19651.31,UPI/p4wz00a7z0vs@okaxis
04/01/2022,,801.58,DR,18849.73,UPI/fkzv9p98trel@oksbi/P2M/lcz33yb6@paytm/Edara
04/01/2022,,2655.78,CR,21505.51,UPI/z1ogw35614mb@axl
04/01/2022,373768,109.24,DR,21396.27,UPI/m1qe1q6ehdtf@ybl/P2M/74batu56@oksbi/Chala
04/01/2022,,719.01,DR,20677.26,UPI/6tsj70t039b5@axl/P2M/2cz8bkkg@paytm/Paytm
03/01/2022,,317.08,DR,20360.18,UPI/jx42w3jnu8tg@ybl/P2M/i05frseg@paytm/AxisBank
03/01/2022,447488,1156.96,DR,19203.22,UPI/30ixt6e4vmkk@paytm/P2M/as1cj37e@oksbi/Amazon
03/01/2022,,373.43,DR,18829.79,UPI/o4c8miah6jsw@okhdfc/P2M/wi3n523t@ptbyl/Amazon
03/01/2022,,816.35,DR,18013.44,UPI/hl9ya9czaksz@ybl/P2M/0uc6rxvr@oksbi/BigBazaar
03/01/2022,806189,1426.59,DR,16586.85,UPI/8l82evll2sr5@axl/P2M/caer5x1j@ptbyl/AxisBank
03/01/2022,,1327.08,DR,15259.77,UPI/ox9p0yq5mf8p@ybl/P2M/kx9obgyx@ptbyl/Amazon
03/01/2022,,1474.2,DR,13785.57,UPI/tsbpp2ulqcdf@ybl/P2M/kikiquol@ptbyl/Paytm
03/01/2022,807466,1158.55,DR,12627.02,UPI/k3iuu7fbaq12@okhdfc/P2M/rk4pokc4@ptbyl/Edara
03/01/2022,,1255.85,DR,11371.17,UPI/1nc293yrujvp@okaxis/P2M/dh4h5c2b@paytm/Airtel
03/01/2022,752955,442.18,DR,10928.99,UPI/xnxx3dy3maj7@okaxis/P2M/x9791ee9@oksbi/Edara
03/01/2022,,1242.76,DR,9686.23,UPI/k6zqe6rzbm59@oksbi/P2M/rdjpt1pq@oksbi/BigBazaar
03/01/2022,,1409.97,DR,8276.26,UPI/tcqa6t3trb07@oksbi/P2M/ridasksx@oksbi/Edara
02/01/2022,,787.38,DR,7488.88,UPI/9x5tmbjf4zue@oksbi/P2M/a0j4y0s4@paytm/Edara
02/01/2022,442082,416.87,DR,7072.01,UPI/xkh4d9hyjzhl@okhdfc/P2M/eidvm6ha@ptbsi/Paytm
02/01/2022,,692.23,DR,6379.78,UPI/88wy0k6htf2h@okaxis/P2M/z6g2ftd5@paytm/Paytm
02/01/2022,,1248.57,DR,5131.21,UPI/qs1wy374bp6n@okhdfc/P2M/gg6u7ihw@ptbyl/Flipkart
02/01/2022,,34.14,DR,5097.07,UPI/g7xi5wduacmx@paytm/P2M/sv2zakdp@paytm/BigBazaar
02/01/2022,,1077.59,CR,6174.66,UPI/pzy27qbch4kv@okaxis
02/01/2022,,3433.61,CR,9608.27,UPI/v34qp6gqzeac@okaxis
02/01/2022,,1005.28,DR,8602.99,UPI/rx87qc3gud13@oksbi/P2M/msmfcooj@ptbyl/Flipkart
02/01/2022,,385.29,DR,8217.7,UPI/awdlfgzbge7x@okaxis/P2M/asqy4p2q@ptbsi/Flipkart
02/01/2022,,2869.51,CR,11087.21,UPI/up3kgn78bags@okhdfc
02/01/2022,,699.65,DR,10387.56,UPI/4f9aw7cc1g2w@okhdfc/P2M/3s45rpjz@ptbsi/Amazon
02/01/2022,652618,131.61,DR,10255.95,UPI/sdfpnp4sux8b@paytm/P2M/kojbxx0k@ptbsi/BigBazaar
01/01/2022,,28.2,DR,10227.75,UPI/roik5opsv42h@okhdfc/P2M/fkyt64da@paytm/Amazon
01/01/2022,,1403.83,DR,8823.92,UPI/ra4359g92b9s@oksbi/P2M/8b5eoz0g@ptbyl/Airtel
01/01/2022,,1458.27,DR,7365.65,UPI/aoi6utgudf9y@okhdfc/P2M/t3h1zrs7@ptbyl/AxisBank
01/01/2022,743943,2325.75,CR,9691.4,UPI/7n610cv8vx2y@oksbi
01/01/2022,570289,1333.96,DR,8357.44,UPI/eb7tzikog0o5@okaxis/P2M/5b6cjd4r@paytm/AxisBank
01/01/2022,,1284.1,DR,7073.34,UPI/qrw59qoamsra@okhdfc/P2M/c4f08org@ptbyl/Chala
01/01/2022,,1378.82,CR,8452.16,UPI/3cmooav58xsb@okhdfc
01/01/2022,,883.96,CR,9336.12,UPI/54wzzvb6y8wi@okaxis
01/01/2022,703853,1281.74,DR,8054.38,UPI/dhqe6we6jkaq@oksbi/P2M/kp7xfuou@oksbi/AxisBank
01/01/2022,,294.69,DR,7759.69,UPI/h6vmcivqzasr@ybl/P2M/n5yc7xk4@paytm/BigBazaar
01/01/2022,,1282.01,DR,6477.68,UPI/9bir5r4ngtod@okhdfc/P2M/hkvmji95@ptbsi/Edara
01/01/2022,,1001.27,CR,7478.95,UPI/qnkbbd27rjh4@okaxis
