Date,Instrument ID,Amount,Type,Balance,Remarks
31/01/2022,,416.9,DR,642.87,UPI/x5ai7nexvuy1@paytm/P2M/pg0nniv2@ptbyl/Flipkart
31/01/2022,951854,602.54,DR,40.33,UPI/rj2ciindd6q0@oksbi/P2M/id4c0tfi@paytm/AxisBank
31/01/2022,,2665.2,CR,2705.53,UPI/ti65wl7cgd68@ybl
31/01/2022,905523,1393.2,DR,1312.33,UPI/n128dz9t9065@paytm/P2M/71i7cymh@oksbi/Airtel
31/01/2022,,4877.5,CR,6189.83,UPI/ja8yrpshfdrn@oksbi
31/01/2022,922670,546.17,DR,5643.66,UPI/u4bgzwv85jks@paytm/P2M/rdxnbzbk@ptbyl/VENNA
31/01/2022,978571,41.8,DR,5601.86,UPI/aukwgtesbmhl@axl/P2M/9uhnug3d@ptbyl/Amazon
31/01/2022,,435.27,DR,5166.59,UPI/odonx8gvefes@paytm/P2M/hmlq62of@ptbsi/Airtel
31/01/2022,,1753.33,CR,6919.92,UPI/2r6n7etzih27@paytm
30/01/2022,,686.92,DR,6233.0,UPI/orre4bsd1sd1@oksbi/P2M/hfnzndbx@paytm/Chala
30/01/2022,,4589.26,CR,10822.26,UPI/2xox1n0zxwc4@oksbi
30/01/2022,,840.05,DR,9982.21,UPI/z9t5sadwadad@axl/P2M/pmy9iugc@ptbyl/Paytm
30/01/2022,,169.79,DR,9812.42,UPI/lrtqpn463uib@okaxis/P2M/b6k45tne@paytm/Edara
30/01/2022,,299.9,DR,9512.52,UPI/ss1tc4xn48fk@ybl/P2M/x2d6sbik@paytm/Flipkart
30/01/2022,,658.6,DR,8853.92,UPI/34xk1aj3m2jw@okhdfc/P2M/r8gx3rh9@ptbyl/VENNA
30/01/2022,216663,981.05,DR,7872.87,UPI/2o68pi7hz3t6@paytm/P2M/vbxyj41p@ptbsi/Airtel
30/01/2022,,1053.7,DR,6819.17,UPI/3b22kemzljn7@axl/P2M/4z9170ph@ptbyl/Chala
30/01/2022,,1145.68,DR,5673.49,UPI/doblbti7wyoc@ybl/P2M/r1loi5u8@ptbyl/Chala
30/01/2022,,1307.55,DR,4365.94,UPI/q3wec59o2h86@okaxis/P2M/8ldgdqb7@ptbyl/BigBazaar
30/01/2022,,130.96,DR,4234.98,UPI/pzp2lyu3e1ch@okhdfc/P2M/eykzotyl@ptbyl/BigBazaar
30/01/2022,,3683.12,CR,7918.1,UPI/pit5v0u2zkax@paytm
30/01/2022,,226.85,DR,7691.25,UPI/tdtb1l3o57pi@oksbi/P2M/nph8019g@ptbyl/BigBazaar
30/01/2022,,682.18,DR,7009.07,UPI/gah1phwydt05@paytm/P2M/662didmx@ptbyl/AxisBank
30/01/2022,,1276.89,DR,5732.18,UPI/8x9jk1pme967@ybl/P2M/0l3hapee@ptbsi/VENNA
29/01/2022,,60.52,DR,5671.66,UPI/sx2nxju1urai@paytm/P2M/zvzgimhd@ptbsi/BigBazaar
29/01/2022,621728,1437.86,DR,4233.8,UPI/vhqdk8kh7m9y@ybl/P2M/zg5lq983@oksbi/Flipkart
29/01/2022,286120,225.22,DR,4008.58,UPI/eb0u14qj2rq7@okhdfc/P2M/7g63g9m0@ptbsi/Paytm
29/01/2022,,1257.05,DR,2751.53,UPI/r1f5629jd6u8@okaxis/P2M/wmsenva3@ptbyl/VENNA
29/01/2022,,451.54,CR,3203.07,UPI/y2798dp8m9ab@okhdfc
29/01/2022,,490.53,DR,2712.54,UPI/jhhdvpheh9jb@oksbi/P2M/k5r0u8sa@ptbyl/Flipkart
29/01/2022,306195,47.92,DR,2664.62,UPI/mse6x6tewat7@oksbi/P2M/548htq6v@paytm/AxisBank
29/01/2022,,293.36,DR,2371.26,UPI/wn7tsiqxj06t@ybl/P2M/q85il190@ptbsi/VENNA
29/01/2022,,401.77,DR,1969.49,UPI/yxmzl0lib5td@paytm/P2M/5ksplw8j@paytm/Paytm
29/01/2022,,1174.72,DR,794.77,UPI/6wittra4x4ml@ybl/P2M/39jedhqo@ptbyl/Paytm
29/01/2022,163746,184.02,DR,610.75,UPI/f6hu0wqf26zs@okaxis/P2M/6tvvp4dx@paytm/Amazon
28/01/2022,,1267.21,CR,1877.96,UPI/uui4z41whglp@paytm
28/01/2022,,344.57,DR,1533.39,UPI/apshsat472br@paytm/P2M/cnegdwxx@ptbsi/Edara
28/01/2022,166437,1342.28,DR,191.11,UPI/ra41g7f4gnxp@okaxis/P2M/p5steymi@ptbsi/Flipkart
28/01/2022,,30.36,DR,160.75,UPI/tz7x7h27arwz@ybl/P2M/e8mq0dih@ptbyl/Paytm
28/01/2022,,17.69,DR,143.06,UPI/hnk61w30uqz4@oksbi/P2M/hkl5i557@paytm/AxisBank
27/01/2022,,4603.3,CR,4746.36,UPI/juora1kas3eh@okhdfc
27/01/2022,342053,399.32,DR,4347.04,UPI/r5pxu2nvju8g@okaxis/P2M/7gy8bhsa@ptbsi/Airtel
27/01/2022,662936,4739.71,CR,9086.75,UPI/ufgpp7vw2w6v@paytm
27/01/2022,699659,892.92,DR,8193.83,UPI/4m90ioe4tjqw@paytm/P2M/1wfqmdwz@ptbyl/Airtel
27/01/2022,,1333.92,DR,6859.91,UPI/p691xzbctw1g@ybl/P2M/ktisdxjs@ptbyl/VENNA
27/01/2022,,1465.22,DR,5394.69,UPI/juo89fm5a60v@okaxis/P2M/mfu3ait5@ptbsi/AxisBank
27/01/2022,,18.31,DR,5376.38,UPI/oyz3udtinsep@oksbi/P2M/2k8recae@oksbi/AxisBank
27/01/2022,758646,725.52,DR,4650.86,UPI/7189uzhv9evp@okhdfc/P2M/4a6y0oba@ptbsi/VENNA
27/01/2022,,1394.59,DR,3256.27,UPI/qxmfz2b7i3ko@oksbi/P2M/sppllg2f@oksbi/BigBazaar
27/01/2022,288726,347.65,DR,2908.62,UPI/v54a0dwcfg30@axl/P2M/xgoq04bk@oksbi/Edara
27/01/2022,,819.01,DR,2089.61,UPI/inhkvm8m8pzw@oksbi/P2M/gdlud16x@ptbsi/Chala
27/01/2022,,1003.41,CR,3093.02,UPI/hnvtwb13oa9w@okhdfc
27/01/2022,190595,1643.5,CR,4736.52,UPI/6ei1flbt38og@paytm
27/01/2022,,1193.29,DR,3543.23,UPI/peaqox2ixbnb@paytm/P2M/wr2g9jmu@ptbyl/Edara
27/01/2022,493942,1390.04,DR,2153.19,UPI/po7h0m6nya7o@oksbi/P2M/g91y6jw1@ptbyl/Paytm
26/01/2022,386470,1250.0,DR,903.19,UPI/u5de17gopj5n@oksbi/P2M/75rd4chf@paytm/Amazon
26/01/2022,,596.53,DR,306.66,UPI/coi26rmdc7yr@okhdfc/P2M/wwdm21or@ptbsi/Paytm
26/01/2022,,302.71,DR,3.95,UPI/g89d7yrbtigi@okaxis/P2M/ztlu6i37@ptbyl/Airtel
26/01/2022,537476,2054.54,CR,2058.49,UPI/jnb2s6wh1bqh@okhdfc
26/01/2022,205919,269.99,DR,1788.5,UPI/e47m3fjbsbmq@axl/P2M/l84c4s2x@ptbsi/Airtel
26/01/2022,,1028.9,DR,759.6,UPI/ccrlhkpnjclt@oksbi/P2M/9tcj10lf@paytm/AxisBank
26/01/2022,687516,710.88,DR,48.72,UPI/gty4kxaldzom@ybl/P2M/nidtvrfa@paytm/Paytm
24/01/2022,899770,1936.11,CR,1984.83,UPI/jf08c2sj4phq@axl
24/01/2022,513035,1461.23,DR,523.6,UPI/foa8z4co9xth@paytm/P2M/agdzefi8@ptbyl/BigBazaar
24/01/2022,,380.62,DR,142.98,UPI/htq9dwzyisri@okaxis/P2M/m0v2zrb8@paytm/Chala
24/01/2022,668822,108.24,DR,34.74,UPI/2gb8six6gep6@axl/P2M/pmgbtlq1@ptbyl/Airtel
23/01/2022,,503.65,CR,538.39,UPI/i6x517mzw1ev@okhdfc
23/01/2022,310800,126.36,DR,412.03,UPI/hddy5aafnurd@okaxis/P2M/bjkqbn57@ptbsi/VENNA
23/01/2022,,2330.1,CR,2742.13,UPI/mev6twumlhvs@okaxis
23/01/2022,,1315.16,DR,1426.97,UPI/fkye7qswwlhg@okhdfc/P2M/fcje2nqw@ptbyl/Flipkart
23/01/2022,557901,1082.63,DR,344.34,UPI/sru7frebkvc1@okaxis/P2M/ekg82eye@oksbi/Paytm
23/01/2022,709208,1149.69,CR,1494.03,UPI/x0e966fw8p6a@axl
23/01/2022,853881,617.43,DR,876.6,UPI/shvmzi0thxx6@paytm/P2M/u936cqg0@oksbi/Flipkart
22/01/2022,213911,347.19,DR,529.41,UPI/577m9xmxx0gw@okhdfc/P2M/8y7nw6c2@oksbi/Chala
22/01/2022,124220,275.92,DR,253.49,UPI/c1tz6sj0rzhd@oksbi/P2M/980jczf3@ptbyl/Paytm
22/01/2022,208868,543.33,CR,796.82,UPI/07syjw0u4p9a@ybl
22/01/2022,,371.4,DR,425.42,UPI/qe5h9u7b24qa@ybl/P2M/cl3vykrm@paytm/Edara
21/01/2022,361389,357.11,DR,68.31,UPI/th8wf98wfsmt@ybl/P2M/wppbou76@paytm/Chala
21/01/2022,,2540.93,CR,2609.24,UPI/3wjovnsg5wn1@okhdfc
21/01/2022,441063,1027.1,DR,1582.14,UPI/0vhiiw90pwvn@okhdfc/P2M/zu74in9e@paytm/Paytm
21/01/2022,673485,459.36,DR,1122.78,UPI/l1nik2uynesz@oksbi/P2M/n6fqebz5@ptbyl/Flipkart
20/01/2022,,983.08,DR,139.7,UPI/mcxvbia5bgh6@ybl/P2M/2k9hnndr@oksbi/Paytm
20/01/2022,,27.77,DR,111.93,UPI/py207dpqmw9u@okhdfc/P2M/zm4mncoi@ptbyl/Edara
20/01/2022,713289,37.24,DR,74.69,UPI/2c0zaoktkqeg@okaxis/P2M/7ayg5e9c@ptbsi/Chala
19/01/2022,,929.55,CR,1004.24,UPI/7mlg8ltn00t6@okhdfc
19/01/2022,,356.48,DR,647.76,UPI/xfurd2smo1gl@ybl/P2M/4v6q76b6@ptbyl/BigBazaar
19/01/2022,,328.46,DR,319.3,UPI/vbevjklvjehz@ybl/P2M/1krv8nxe@ptbsi/AxisBank
18/01/2022,,2906.34,CR,3225.64,UPI/6kb8x1lgxcoz@okhdfc
18/01/2022,,128.83,DR,3096.81,UPI/agwwb6tqs88a@okhdfc/P2M/gq2r0bus@oksbi/AxisBank
18/01/2022,922811,1453.68,DR,1643.13,UPI/a5za67m6aimw@okaxis/P2M/r0m7t4iy@paytm/Airtel
18/01/2022,,67.23,DR,1575.9,UPI/kosi1lqqv7vm@okaxis/P2M/scf9zk0k@ptbsi/Edara
18/01/2022,693110,393.43,DR,1182.47,UPI/6ayf50o14fp1@oksbi/P2M/t1ahd2yo@paytm/BigBazaar
18/01/2022,605246,296.54,DR,885.93,UPI/u4738cb0jrld@axl/P2M/79hb2di2@oksbi/BigBazaar
18/01/2022,942840,4794.52,CR,5680.45,UPI/ay82pdfxip32@axl
18/01/2022,628905,4454.24,CR,10134.69,UPI/bora6kp6quxl@paytm
18/01/2022,,507.48,DR,9627.21,UPI/tn3nib09l80h@okaxis/P2M/1ot52xez@ptbyl/Amazon
18/01/2022,293085,333.93,DR,9293.28,UPI/5c3b48f52r7y@axl/P2M/cae9zek9@ptbyl/Flipkart
18/01/2022,808332,1238.33,CR,10531.61,UPI/e0b5y0rm8x6i@paytm
18/01/2022,,1220.0,DR,9311.61,UPI/1os9cerrli9x@ybl/P2M/pn3prg95@ptbyl/BigBazaar
17/01/2022,437452,865.2,DR,8446.41,UPI/7xkvv70igfaj@paytm/P2M/611l9abe@oksbi/Airtel
17/01/2022,,470.69,DR,7975.72,UPI/v2l6813212lc@axl/P2M/18m3gn1c@ptbyl/Airtel
17/01/2022,441804,2631.51,CR,10607.23,UPI/n5t7dty6xov8@okhdfc
17/01/2022,,1242.69,DR,9364.54,UPI/rj5g3amur6ox@axl/P2M/ltidxurd@paytm/Airtel
17/01/2022,,379.47,DR,8985.07,UPI/moj2htq8v4u8@paytm/P2M/yi2e8yne@ptbyl/Edara
17/01/2022,755697,180.17,DR,8804.9,UPI/s6tw3hbk0f9v@okaxis/P2M/e48o2hv7@oksbi/Paytm
17/01/2022,672032,839.98,DR,7964.92,UPI/64sv05klkc3b@okaxis/P2M/9vxm6sb8@ptbyl/BigBazaar
17/01/2022,,689.12,DR,7275.8,UPI/gcalwibu505h@okaxis/P2M/wyo2hlih@ptbsi/Chala
17/01/2022,,1351.07,DR,5924.73,UPI/k57yh1ajgyml@oksbi/P2M/5uc4q868@paytm/Amazon
17/01/2022,641133,174.19,DR,5750.54,UPI/oapb448zudye@axl/P2M/24id2f4o@ptbsi/BigBazaar
17/01/2022,,633.67,DR,5116.87,UPI/ornnaahqb35g@oksbi/P2M/na66pavs@oksbi/VENNA
17/01/2022,148598,1350.74,DR,3766.13,UPI/zfxv26sdifgd@oksbi/P2M/c5zgrqne@ptbyl/Amazon
17/01/2022,418108,940.13,DR,2826.0,UPI/k8rcp1nuth8g@okhdfc/P2M/g0y3lijn@oksbi/Amazon
17/01/2022,,660.95,DR,2165.05,UPI/u7h9qo4p7bg5@okhdfc/P2M/lgxudco9@ptbsi/Airtel
17/01/2022,959670,899.32,DR,1265.73,UPI/mg98fxrd8yyh@oksbi/P2M/emo5h97r@ptbyl/AxisBank
16/01/2022,,632.28,DR,633.45,UPI/1br55kfyk8a7@axl/P2M/2b1zkfuo@ptbsi/Airtel
16/01/2022,454776,147.08,DR,486.37,UPI/qxr2wfvhf16z@okhdfc/P2M/s10dbnue@paytm/Paytm
16/01/2022,,3246.9,CR,3733.27,UPI/2wca57ews0pg@okaxis
16/01/2022,630184,1003.63,DR,2729.64,UPI/z3m0e1xl57gm@paytm/P2M/u8htwpyn@paytm/Airtel
16/01/2022,965552,1074.5,DR,1655.14,UPI/hloqljd3l9ya@paytm/P2M/i2li2eaw@ptbsi/Amazon
16/01/2022,,62.82,DR,1592.32,UPI/2rvap9hy4qzo@oksbi/P2M/hqnx3rwj@ptbyl/BigBazaar
16/01/2022,870168,904.5,DR,687.82,UPI/j5pegx8vuueu@okhdfc/P2M/7pq4n2we@ptbyl/Chala
16/01/2022,,47.02,DR,640.8,UPI/i4cazo6bht2a@okaxis/P2M/qyi1jx7z@ptbsi/Edara
16/01/2022,,229.55,DR,411.25,UPI/hl4yy8dpa9w8@axl/P2M/71xoesya@paytm/Edara
16/01/2022,,223.85,DR,187.4,UPI/gomnbsqkus5u@okhdfc/P2M/avycphrz@paytm/Chala
15/01/2022,,4343.33,CR,4530.73,UPI/uoq8v6srtpfc@okaxis
15/01/2022,,3798.26,CR,8328.99,UPI/b4tl19oo21st@okaxis
15/01/2022,384778,1405.71,DR,6923.28,UPI/ly0u5cx3au9n@axl/P2M/btspisxh@ptbsi/Edara
15/01/2022,,1352.44,DR,5570.84,UPI/oz04ajb55l9h@oksbi/P2M/921hf7w4@paytm/Edara
15/01/2022,,1044.32,DR,4526.52,UPI/kf47ppdr0zp6@okaxis/P2M/18cdrhuh@paytm/Flipkart
15/01/2022,813241,651.28,CR,5177.8,UPI/dn01qtrleg20@oksbi
15/01/2022,,411.38,DR,4766.42,UPI/1anxy1i0v92q@ybl/P2M/vlbk0evh@paytm/Paytm
15/01/2022,,1467.98,DR,3298.44,UPI/yjn2qk7y5074@ybl/P2M/p9orlpuf@ptbsi/Amazon
15/01/2022,,269.61,DR,3028.83,UPI/63dcekcjfjqs@paytm/P2M/cfkfcf8h@oksbi/Airtel
15/01/2022,,838.45,DR,2190.38,UPI/oel367h02hgq@okaxis/P2M/cfl09eec@oksbi/Flipkart
15/01/2022,,160.73,DR,2029.65,UPI/7d0m5l6g84eo@oksbi/P2M/e990s5e8@oksbi/BigBazaar
14/01/2022,,758.83,DR,1270.82,UPI/7w4z93f2sheg@ybl/P2M/3o4j0i8p@ptbsi/BigBazaar
14/01/2022,,1030.44,DR,240.38,UPI/x1h4xfmna2ma@oksbi/P2M/6w9e7gx6@ptbyl/AxisBank
14/01/2022,,3025.25,CR,3265.63,UPI/55wqzszvnq39@okhdfc
14/01/2022,406734,4929.59,CR,8195.22,UPI/uskr7aemrkzl@okaxis
14/01/2022,,304.89,DR,7890.33,UPI/uwt4m3v9sath@ybl/P2M/sg0n5cvi@ptbsi/Airtel
14/01/2022,874566,1265.11,DR,6625.22,UPI/g5ua8vv545cv@okhdfc/P2M/i9o2ydd9@oksbi/AxisBank
14/01/2022,996203,828.92,DR,5796.3,UPI/b9o7wnu5s6fh@ybl/P2M/a9j6kwhu@ptbsi/Flipkart
14/01/2022,497120,1120.48,DR,4675.82,UPI/ijwbkeflr1mw@oksbi/P2M/rnnax8hy@paytm/Airtel
14/01/2022,,435.94,CR,5111.76,UPI/yyhems4kcxxg@ybl
14/01/2022,556385,679.97,DR,4431.79,UPI/56m9dani9er5@axl/P2M/nwo9xyjs@oksbi/VENNA
14/01/2022,875934,485.14,DR,3946.65,UPI/6g4y2zryj96t@oksbi/P2M/ocyxkpgb@ptbyl/Chala
14/01/2022,,172.18,DR,3774.47,UPI/iknpcy9vto1e@okhdfc/P2M/iwn6gr5r@oksbi/Edara
14/01/2022,,849.54,DR,2924.93,UPI/kt0vdldoazfy@oksbi/P2M/01gog4wk@ptbyl/Paytm
14/01/2022,577359,712.93,DR,2212.0,UPI/m1so92e96p4a@okaxis/P2M/t5maqfyx@oksbi/BigBazaar
13/01/2022,871840,42.97,DR,2169.03,UPI/xk7vpjzfj3uw@okaxis/P2M/a6wm4el5@ptbyl/Paytm
13/01/2022,,114.09,DR,2054.94,UPI/zzzjjir9a6i9@paytm/P2M/9v8s6rn8@oksbi/Chala
13/01/2022,,1338.51,DR,716.43,UPI/0kys275i69az@axl/P2M/qo8am8hz@paytm/Paytm
13/01/2022,,2151.36,CR,2867.79,UPI/afgo163iipbq@axl
13/01/2022,502149,861.8,DR,2005.99,UPI/jtp3wk0pdajf@ybl/P2M/cuhphrbu@oksbi/Flipkart
13/01/2022,,681.69,DR,1324.3,UPI/8xadv8imrkan@axl/P2M/190odx0l@ptbyl/Flipkart
13/01/2022,179805,220.06,DR,1104.24,UPI/bns1u08deuf8@ybl/P2M/uv2gtegf@ptbsi/BigBazaar
13/01/2022,,367.19,DR,737.05,UPI/nl7j76kj3w82@okaxis/P2M/jyeqf2zn@ptbsi/BigBazaar
13/01/2022,596965,1816.91,CR,2553.96,UPI/ow58qhem5mzi@paytm
13/01/2022,,1244.67,CR,3798.63,UPI/gnodar1a3yob@paytm
13/01/2022,468317,1136.57,DR,2662.06,UPI/psohc0z9ss94@oksbi/P2M/3frrvp9c@ptbsi/Airtel
13/01/2022,,1050.71,DR,1611.35,UPI/k621hgzuq76u@paytm/P2M/d87hijxr@ptbyl/Chala
13/01/2022,,1084.14,DR,527.21,UPI/vkul27s7rvo2@axl/P2M/73647lud@oksbi/Amazon
12/01/2022,,88.8,DR,438.41,UPI/u9wjjx41rsym@ybl/P2M/862njna7@paytm/BigBazaar
12/01/2022,,2825.97,CR,3264.38,UPI/3bpfgumbfn4v@okhdfc
12/01/2022,868370,964.35,DR,2300.03,UPI/2ojytpb4z9t5@oksbi/P2M/cp6x8id2@oksbi/BigBazaar
12/01/2022,900102,1340.38,DR,959.65,UPI/9xl0hu6qj1ri@paytm/P2M/yfwo6xmh@ptbyl/Flipkart
12/01/2022,,341.95,DR,617.7,UPI/u9o4msj9y8q1@ybl/P2M/hhbw6eue@paytm/VENNA
12/01/2022,,86.13,DR,531.57,UPI/gskhcw0d02bt@oksbi/P2M/dov67gk0@ptbsi/Airtel
12/01/2022,,3460.19,CR,3991.76,UPI/943jwi8zgpoa@oksbi
12/01/2022,,333.53,CR,4325.29,UPI/07blj7b1ctjf@okhdfc
11/01/2022,,245.58,DR,4079.71,UPI/aandujpj3gh2@okaxis/P2M/r3cgmwk7@ptbyl/AxisBank
11/01/2022,,953.41,DR,3126.3,UPI/f07676bx4vv3@ybl/P2M/92h9b7mn@ptbyl/Amazon
11/01/2022,,1077.34,DR,2048.96,UPI/71yiz9763qq7@paytm/P2M/e2bv13ix@paytm/BigBazaar
11/01/2022,,1143.27,DR,905.69,UPI/y8ruy3c7sqns@okaxis/P2M/9w53lmde@paytm/Chala
11/01/2022,,745.75,DR,159.94,UPI/alicq3tjqh13@okaxis/P2M/nllifi3e@paytm/BigBazaar
11/01/2022,,3791.49,CR,3951.43,UPI/la6thmtc4ypj@ybl
10/01/2022,372827,1425.19,DR,2526.24,UPI/gzdl6i7se1d5@okhdfc/P2M/vi00g6nj@oksbi/BigBazaar
10/01/2022,521566,682.18,DR,1844.06,UPI/uhxivkjyr29k@ybl/P2M/qf93t8uf@oksbi/AxisBank
10/01/2022,,123.2,DR,1720.86,UPI/dv3m5z4zdojq@paytm/P2M/othkgl1b@oksbi/Edara
10/01/2022,649292,918.69,DR,802.17,UPI/qc4srw2lte15@paytm/P2M/twoo6nx1@oksbi/BigBazaar
10/01/2022,998338,726.51,DR,75.66,UPI/w0a4xw2uqf7b@oksbi/P2M/bl2opwm7@oksbi/BigBazaar
10/01/2022,639557,1539.76,CR,1615.42,UPI/ncky5qn98xv9@axl
10/01/2022,140960,87.23,DR,1528.19,UPI/zwkfo59eu2fk@ybl/P2M/l0ldhlgv@oksbi/AxisBank
10/01/2022,885684,2012.56,CR,3540.75,UPI/jggv090avid1@okaxis
09/01/2022,506274,2863.18,CR,6403.93,UPI/qnp7yjwsosc8@paytm
09/01/2022,917013,130.9,DR,6273.03,UPI/svpzpk5blb7h@paytm/P2M/i8wsguiz@oksbi/BigBazaar
09/01/2022,,1366.32,DR,4906.71,UPI/w40kul9jk59d@okhdfc/P2M/grismrhn@oksbi/Flipkart
09/01/2022,,449.42,DR,4457.29,UPI/49mokwbcq9fg@ybl/P2M/td59u4sd@ptbyl/Edara
09/01/2022,,1174.28,DR,3283.01,UPI/tntuacqx5etw@axl/P2M/ekx5a04r@paytm/Airtel
09/01/2022,204154,460.39,DR,2822.62,UPI/lruqq02sv936@ybl/P2M/178ordoy@paytm/Flipkart
09/01/2022,903460,1399.34,DR,1423.28,UPI/bsvkoblxncty@okhdfc/P2M/0uapax5d@ptbsi/Chala
09/01/2022,989534,329.3,DR,1093.98,UPI/4fzcsyx4jfqo@okhdfc/P2M/53r3e65m@paytm/Chala
09/01/2022,,192.17,DR,901.81,UPI/nhsqpg76w95i@paytm/P2M/cjm69ydo@ptbyl/Airtel
09/01/2022,675474,382.25,DR,519.56,UPI/88hbidjy0v2e@okaxis/P2M/uyendiw1@ptbyl/Airtel
09/01/2022,,411.63,DR,107.93,UPI/s6w3xgfs6ltl@paytm/P2M/snanxq0i@paytm/VENNA
08/01/2022,,22.71,DR,85.22,UPI/enwm0vljnd3b@axl/P2M/9kx3gr92@oksbi/Amazon
08/01/2022,549178,4781.33,CR,4866.55,UPI/p8jktzflfhal@okaxis
08/01/2022,,384.54,DR,4482.01,UPI/sbjotxtvx1f7@oksbi/P2M/gzhghqg0@ptbyl/Edara
08/01/2022,,91.27,DR,4390.74,UPI/d4wtg6i03tfl@paytm/P2M/yyxv182n@ptbsi/AxisBank
08/01/2022,,75.41,DR,4315.33,UPI/lqvwtpq7w1eu@axl/P2M/ddkil4zq@oksbi/Chala
08/01/2022,,451.8,CR,4767.13,UPI/lbuy7k8gyahl@paytm
08/01/2022,290665,1462.39,DR,3304.74,UPI/s7ydb53uzs6b@oksbi/P2M/koyluroe@oksbi/Airtel
08/01/2022,,613.97,DR,2690.77,UPI/nu6jm2vwcu49@ybl/P2M/3jxj7imt@paytm/AxisBank
08/01/2022,,1288.01,CR,3978.78,UPI/dv2tx60ycmhk@ybl
08/01/2022,,359.34,DR,3619.44,UPI/whwd008y6ld1@oksbi/P2M/714ax6v2@ptbsi/Airtel
08/01/2022,,1486.07,DR,2133.37,UPI/fmp8ypi5mi6p@paytm/P2M/afkolntv@oksbi/Paytm
08/01/2022,,713.37,DR,1420.0,UPI/3yxdmtfn0j58@okaxis/P2M/gpxln5r3@paytm/AxisBank
08/01/2022,,720.18,DR,699.82,UPI/1dv6aczfh1xm@okhdfc/P2M/x8t49poq@ptbyl/Amazon
07/01/2022,,627.21,DR,72.61,UPI/gfg1alhevh5j@axl/P2M/7g28nynx@paytm/Amazon
07/01/2022,,4993.61,CR,5066.22,UPI/rwsmc3n8xxd0@ybl
07/01/2022,240266,196.84,DR,4869.38,UPI/qwbgbukvqf7g@paytm/P2M/kokkxdo2@paytm/Edara
07/01/2022,,1181.96,DR,3687.42,UPI/7bdey2p79x4f@paytm/P2M/ncdhbhwj@oksbi/Airtel
07/01/2022,,1137.53,DR,2549.89,UPI/cjzoxwl2jkgv@axl/P2M/s1h1ed68@paytm/Paytm
07/01/2022,,841.66,DR,1708.23,UPI/pccs3awdjryt@oksbi/P2M/n9qtisui@oksbi/Paytm
07/01/2022,,190.24,DR,1517.99,UPI/fqhj3fxdkbzx@ybl/P2M/s5c8mp78@ptbyl/VENNA
07/01/2022,,1306.84,DR,211.15,UPI/evil3wu5gxci@paytm/P2M/1yqxls36@oksbi/Flipkart
07/01/2022,,12.8,DR,198.35,UPI/2hqnq7qjpk9f@okaxis/P2M/um2jipob@paytm/AxisBank
07/01/2022,133611,290.29,CR,488.64,UPI/ich6699qf3w7@ybl
07/01/2022,621733,1924.34,CR,2412.98,UPI/yo3lf5xu40es@oksbi
07/01/2022,,756.97,DR,1656.01,UPI/75tt1k88jxv8@axl/P2M/14cidppk@oksbi/Edara
07/01/2022,,848.68,DR,807.33,UPI/jwoh8utyh29e@paytm/P2M/ce8dxau7@paytm/Flipkart
06/01/2022,,220.14,DR,587.19,UPI/ljw92emexqpy@okhdfc/P2M/irqvlon4@ptbyl/Airtel
06/01/2022,,713.85,CR,1301.04,UPI/g3zqp6y4n6gd@axl
06/01/2022,,4394.16,CR,5695.2,UPI/q3sbjp0bxs9f@axl
06/01/2022,408369,4896.91,CR,10592.11,UPI/myzmh9n4d17t@ybl
06/01/2022,,1367.73,DR,9224.38,UPI/q4ndibmsdz3t@axl/P2M/8q4f97lo@oksbi/BigBazaar
06/01/2022,,1390.81,DR,7833.57,UPI/iyu4t24e6wxf@axl/P2M/6su0hdyq@paytm/Chala
06/01/2022,,32.44,DR,7801.13,UPI/dwqzxtmyt5t5@okhdfc/P2M/lzjlk902@paytm/VENNA
06/01/2022,,423.35,DR,7377.78,UPI/wv6ncm52pmj1@okaxis/P2M/h1hpvf99@ptbsi/Airtel
06/01/2022,,239.98,DR,7137.8,UPI/h5lrplogsd6x@axl/P2M/u8uqo353@ptbsi/Flipkart
06/01/2022,,313.55,DR,6824.25,UPI/mius18cdv8hw@axl/P2M/6k1bktlq@paytm/AxisBank
06/01/2022,523789,1374.56,DR,5449.69,UPI/rx8nt00q5rgf@oksbi/P2M/iyb1bzjr@ptbsi/Edara
06/01/2022,,1206.8,DR,4242.89,UPI/0689f7n69n44@okaxis/P2M/stez0bpz@oksbi/VENNA
06/01/2022,256704,940.11,DR,3302.78,UPI/79eq8d74tdyz@okhdfc/P2M/rwq8gnf7@ptbyl/Airtel
05/01/2022,248868,44.08,DR,3258.7,UPI/7gphqm0rd131@axl/P2M/g3rmjdsg@ptbsi/Flipkart
05/01/2022,906373,967.88,DR,2290.82,UPI/vrd6m78wv5wd@oksbi/P2M/2yqnkj14@ptbsi/Paytm
05/01/2022,934657,788.15,DR,1502.67,UPI/9wzag419v04b@axl/P2M/1rfctyqw@ptbyl/AxisBank
05/01/2022,,1326.84,DR,175.83,UPI/ii8adp2ml8db@ybl/P2M/00wwsu68@ptbsi/Flipkart
05/01/2022,694334,893.92,CR,1069.75,UPI/pcwas9wkc1qy@okhdfc
05/01/2022,967481,2503.73,CR,3573.48,UPI/gqlxa13wkf6v@ybl
05/01/2022,815233,806.41,DR,2767.07,UPI/toshni899ruv@okaxis/P2M/lylaslsf@paytm/Amazon
05/01/2022,474082,106.44,DR,2660.63,UPI/p3hdlk40kr60@okhdfc/P2M/3hfgpblq@ptbsi/Amazon
05/01/2022,240908,1458.83,DR,1201.8,UPI/2q63452512id@paytm/P2M/e8zbcdyc@ptbsi/Edara
05/01/2022,,576.21,CR,1778.01,UPI/qure4rklmf9u@oksbi
05/01/2022,229836,3009.18,CR,4787.19,UPI/1v0py2xhyaly@okhdfc
05/01/2022,,3175.66,CR,7962.85,UPI/uqzx93vd0oqw@oksbi
05/01/2022,,343.68,DR,7619.17,UPI/upu0f4iju9f1@oksbi/P2M/inn3qtlv@ptbyl/Airtel
04/01/2022,,2059.18,CR,9678.35,UPI/q0sms3vn6kv6@oksbi
04/01/2022,284776,3650.82,CR,13329.17,UPI/b0aei6knaua8@ybl
04/01/2022,,138.14,DR,13191.03,UPI/0utehjgu2lnp@ybl/P2M/ewkqtp6c@ptbyl/VENNA
04/01/2022,,1298.26,DR,11892.77,UPI/4d176sxi25b4@axl/P2M/21qxfaet@ptbyl/VENNA
04/01/2022,,541.03,CR,12433.8,UPI/coj9nu6jg2xp@okhdfc
04/01/2022,,424.03,DR,12009.77,UPI/cu6oq3754g1a@oksbi/P2M/ncry5z0c@oksbi/BigBazaar
04/01/2022,,1411.62,DR,10598.15,UPI/f2lculn4o7wh@axl/P2M/uqgzs6z5@oksbi/Flipkart
04/01/2022,,462.33,CR,11060.48,UPI/arqj9ssml9qi@paytm
04/01/2022,,225.69,DR,10834.79,UPI/eodgpilx3tlw@paytm/P2M/ut3ejg72@oksbi/AxisBank
04/01/2022,,327.36,DR,10507.43,UPI/qm2jy0wm9aks@ybl/P2M/9g4hoh1n@ptbyl/BigBazaar
04/01/2022,,2167.47,CR,12674.9,UPI/3rxt3ygtjy8u@ybl
04/01/2022,100390,400.63,DR,12274.27,UPI/rb9quim3vft4@okaxis/P2M/1plsuies@oksbi/AxisBank
04/01/2022,907335,190.8,DR,12083.47,UPI/n80c4s8m2b00@axl/P2M/rk100h9z@paytm/Airtel
04/01/2022,454529,796.24,DR,11287.23,UPI/s5vd5nnr207j@axl/P2M/1ye6jhcx@ptbyl/AxisBank
04/01/2022,,712.92,DR,10574.31,UPI/p411mk8i5f5d@okhdfc/P2M/v2neeh4x@ptbyl/VENNA
03/01/2022,900196,345.05,DR,10229.26,UPI/ikjp59zpesfl@ybl/P2M/z5rwcjps@paytm/Edara
03/01/2022,916313,1449.2,DR,8780.06,UPI/h8e25n6hj6ax@okhdfc/P2M/0grya646@ptbyl/Amazon
03/01/2022,,1205.05,DR,7575.01,UPI/3ubwbfdslmhi@ybl/P2M/ahd3wpqq@ptbyl/Flipkart
03/01/2022,,1441.88,DR,6133.13,UPI/kj82ssg9mr2k@paytm/P2M/4dt2uozm@oksbi/AxisBank
03/01/2022,254761,1416.88,DR,4716.25,UPI/fjg5a42exqvm@okaxis/P2M/9hcn4d85@ptbyl/Flipkart
03/01/2022,,42.25,DR,4674.0,UPI/vgto93hh4je6@oksbi/P2M/crzp9c11@ptbyl/AxisBank
03/01/2022,,1195.03,DR,3478.97,UPI/t9lq3dwpo4lr@oksbi/P2M/cor4852w@ptbsi/AxisBank
03/01/2022,,1092.23,DR,2386.74,UPI/fapp6txwn9us@oksbi/P2M/ldg3rt6t@ptbyl/Paytm
03/01/2022,,1386.26,CR,3773.0,UPI/iq4s8bffq05a@axl
03/01/2022,,327.97,DR,3445.03,UPI/hv5s4ozcvuvu@okaxis/P2M/1v38cx6d@oksbi/Airtel
03/01/2022,,1034.29,DR,2410.74,UPI/elvgbry0yiri@ybl/P2M/m0992gnq@ptbyl/Paytm
03/01/2022,,82.79,DR,2327.95,UPI/p46rvw4hntri@axl/P2M/2ixpde07@ptbyl/Chala
03/01/2022,654728,644.14,DR,1683.81,UPI/qy3dgng7xecg@oksbi/P2M/jzdc8yn2@ptbyl/AxisBank
03/01/2022,,906.7,DR,777.11,UPI/uxf69u7x3enn@oksbi/P2M/0jk1pk6l@paytm/Amazon
03/01/2022,,3023.43,CR,3800.54,UPI/o38ukp4afwdb@okhdfc
02/01/2022,,1357.08,DR,2443.46,UPI/rpr62yzlh676@okaxis/P2M/oro0qlpy@ptbsi/Flipkart
02/01/2022,824992,1322.73,DR,1120.73,UPI/98blcaptxeu2@axl/P2M/gjhi3y41@paytm/Chala
02/01/2022,512676,237.13,DR,883.6,UPI/lw6j0m9fqqs1@ybl/P2M/ggya1z5u@paytm/Paytm
02/01/2022,410220,1322.05,CR,2205.65,UPI/kkn42a9gz52n@oksbi
02/01/2022,671965,178.41,DR,2027.24,UPI/tahck6ev7507@axl/P2M/jde35cfa@oksbi/Flipkart
02/01/2022,,266.84,DR,1760.4,UPI/lnd3bqtp3hm3@paytm/P2M/6c1isv9o@ptbsi/VENNA
02/01/2022,477221,162.6,DR,1597.8,UPI/2hj4s4i4xiss@paytm/P2M/9p7ppgrm@ptbsi/Edara
02/01/2022,,1148.38,DR,449.42,UPI/zkpnp5aygzue@paytm/P2M/3z311u5m@oksbi/Edara
02/01/2022,,28.06,DR,421.36,UPI/ger0zdosqc0o@paytm/P2M/txkzefzk@ptbsi/Flipkart
02/01/2022,918933,38.49,DR,382.87,UPI/9nvdk0okldzc@okaxis/P2M/v3x23kpg@paytm/BigBazaar
02/01/2022,,112.52,DR,270.35,UPI/7oi4t6zjply8@paytm/P2M/0xfj8tgj@ptbsi/Flipkart
01/01/2022,292966,108.03,CR,378.38,UPI/2i0oq2cmrq0r@ybl
01/01/2022,,223.64,DR,154.74,UPI/w79j45khhr66@axl/P2M/n5s2kd2i@ptbyl/Chala
31/12/2021,383819,3534.89,CR,3689.63,UPI/w0jkz19qfreo@okhdfc
31/12/2021,821652,1394.29,DR,2295.34,UPI/h9eestymjnc1@oksbi/P2M/wbd0y8su@paytm/Flipkart
31/12/2021,474019,1215.0,DR,1080.34,UPI/jb5cma3aeijd@okaxis/P2M/cntf4wyl@ptbyl/Airtel
31/12/2021,,284.08,DR,796.26,UPI/xjp7i5c2xe6n@axl/P2M/c265reba@ptbyl/Amazon
31/12/2021,,258.76,DR,537.5,UPI/86jp2z0mxozt@ybl/P2M/okuvxci1@ptbsi/Edara
31/12/2021,654829,377.64,DR,159.86,UPI/nuu3x0x1wvna@paytm/P2M/awccnb4x@ptbyl/BigBazaar
31/12/2021,737733,445.73,CR,605.59,UPI/t6m7dsr6a12y@oksbi
31/12/2021,379045,459.26,DR,146.33,UPI/e5hinod4ehfo@oksbi/P2M/mofpcnbe@oksbi/BigBazaar
31/12/2021,798840,1941.9,CR,2088.23,UPI/6etameujzoud@okhdfc
31/12/2021,,647.78,DR,1440.45,UPI/qebzu51f3cjo@oksbi/P2M/wqw15tas@oksbi/Amazon
31/12/2021,,4509.25,CR,5949.7,UPI/k2yqkqttp3qa@oksbi
31/12/2021,360108,2458.65,CR,8408.35,UPI/gmwfxd2d5ryj@paytm
31/12/2021,,640.56,DR,7767.79,UPI/5cuatnbyfawh@paytm/P2M/vpu1o7md@ptbyl/Amazon
30/12/2021,940223,109.09,DR,7658.7,UPI/v39lxqv1vaam@axl/P2M/aaxmhjh1@oksbi/Flipkart
30/12/2021,985537,2598.52,CR,10257.22,UPI/r2u0yaqs12c6@axl
30/12/2021,527062,786.91,DR,9470.31,UPI/6r9qldttykwl@oksbi/P2M/npc8fu8f@paytm/Paytm
30/12/2021,526550,763.28,DR,8707.03,UPI/y166t5g6ldkb@okhdfc/P2M/62sm81td@ptbsi/Flipkart
30/12/2021,,1300.96,DR,7406.07,UPI/v5am8avulw4e@oksbi/P2M/4h6psbz9@ptbsi/AxisBank
30/12/2021,,264.86,DR,7141.21,UPI/cmenbrjkys0k@okaxis/P2M/qy8lhcpa@oksbi/Airtel
30/12/2021,,4232.91,CR,11374.12,UPI/6xsnt69srn7w@okhdfc
30/12/2021,,1030.27,DR,10343.85,UPI/pu64wgzwlnyb@ybl/P2M/zb0l5vu8@ptbsi/Flipkart
30/12/2021,,20.74,DR,10323.11,UPI/0qikewkp2y2p@okaxis/P2M/v278atv1@ptbyl/AxisBank
30/12/2021,607889,663.04,DR,9660.07,UPI/7nebj4hoc44v@okaxis/P2M/890tj9j2@oksbi/Edara
30/12/2021,,1397.39,DR,8262.68,UPI/5w1vrb5dh6fn@okhdfc/P2M/hj85n3zc@oksbi/Flipkart
30/12/2021,,3940.71,CR,12203.39,UPI/cibazra5lhoa@ybl
30/12/2021,579336,3293.43,CR,15496.82,UPI/ser5qx4blnry@okhdfc
30/12/2021,472887,503.3,DR,14993.52,UPI/g3tj503ayi9p@paytm/P2M/ce0d18yt@paytm/Airtel
30/12/2021,,631.84,DR,14361.68,UPI/vkzx9rqvhlsp@okhdfc/P2M/k07f23aq@oksbi/Paytm
29/12/2021,548133,4961.81,CR,19323.49,UPI/1pb2sq0xexws@oksbi
29/12/2021,,508.25,DR,18815.24,UPI/y3if5uao7ty5@paytm/P2M/ggngbbbf@ptbsi/AxisBank
29/12/2021,427151,773.15,DR,18042.09,UPI/1nwio8iejuc8@okhdfc/P2M/mcxblirc@paytm/Edara
29/12/2021,,913.52,DR,17128.57,UPI/ypvmpvlv2myx@okaxis/P2M/4tqizqzt@oksbi/Paytm
29/12/2021,414051,1395.53,DR,15733.04,UPI/x43k6leuxosk@okhdfc/P2M/ej6osvic@paytm/Paytm
29/12/2021,,648.71,DR,15084.33,UPI/9mywekmf8cgn@paytm/P2M/l4cxg0p4@ptbyl/BigBazaar
29/12/2021,,913.98,DR,14170.35,UPI/xbu7b2fk1ot2@ybl/P2M/qyey3zlm@ptbyl/AxisBank
29/12/2021,,1355.32,DR,12815.03,UPI/g722ti9grtd9@okhdfc/P2M/2x5ox02f@ptbsi/Amazon
29/12/2021,,205.01,DR,12610.02,UPI/zmjg77yi4vdm@okhdfc/P2M/acj2publ@ptbyl/AxisBank
29/12/2021,,448.74,DR,12161.28,UPI/x1itfw0ve43k@paytm/P2M/ldxpaug5@oksbi/Flipkart
29/12/2021,,16.4,DR,12144.88,UPI/8dinooao7myg@axl/P2M/lz0yuoya@paytm/AxisBank
29/12/2021,917228,384.74,DR,11760.14,UPI/ppdzem8sttzb@okhdfc/P2M/ufzzrd3y@oksbi/Amazon
29/12/2021,275274,1356.61,DR,10403.53,UPI/jzv88mcoohpw@axl/P2M/rtg6epec@ptbsi/BigBazaar
29/12/2021,833542,995.73,DR,9407.8,UPI/46yfehad9u3x@oksbi/P2M/p2wbhabq@paytm/Airtel
29/12/2021,,1049.61,DR,8358.19,UPI/ueofjvivqvmb@okaxis/P2M/ngpdyjho@oksbi/BigBazaar
28/12/2021,868540,107.49,DR,8250.7,UPI/f4m7l2ry3wp1@okhdfc/P2M/1q1nlag3@oksbi/Edara
28/12/2021,,980.61,DR,7270.09,UPI/3nuuhd9rf2hl@okhdfc/P2M/7abmoejv@ptbyl/Paytm
28/12/2021,680593,753.54,DR,6516.55,UPI/ob9mlp1q4fqa@ybl/P2M/psobg3of@paytm/VENNA
28/12/2021,,600.29,DR,5916.26,UPI/9srlsvf4l9wc@oksbi/P2M/dtmdecu2@paytm/VENNA
28/12/2021,883330,79.36,DR,5836.9,UPI/ye7cti9m54hy@okaxis/P2M/k3ripx2k@ptbyl/Airtel
28/12/2021,872484,4904.58,CR,10741.48,UPI/cqoqi2si7uji@okhdfc
28/12/2021,,188.35,DR,10553.13,UPI/01jyjuywpoca@okhdfc/P2M/t9nnasn8@oksbi/Flipkart
28/12/2021,,1252.36,DR,9300.77,UPI/f4ps6x7pc3vg@okaxis/P2M/eb017qfo@ptbyl/BigBazaar
28/12/2021,427317,532.35,DR,8768.42,UPI/5a78ctmojtxh@okhdfc/P2M/wms1ktch@paytm/Airtel
28/12/2021,,1168.08,DR,7600.34,UPI/vwuu8uf2q5u8@ybl/P2M/q5ndkuo4@paytm/VENNA
28/12/2021,,1368.08,DR,6232.26,UPI/w2ddjc3vq2vx@okaxis/P2M/uho68a9o@paytm/Amazon
28/12/2021,,342.85,DR,5889.41,UPI/16i845teqtp0@paytm/P2M/2oth1wz1@ptbsi/Paytm
28/12/2021,903438,654.17,DR,5235.24,UPI/46di8l0tfpex@okhdfc/P2M/23048jy3@oksbi/Paytm
28/12/2021,,71.19,DR,5164.05,UPI/n50buj1gycnf@oksbi/P2M/ydcl0oje@ptbyl/BigBazaar
28/12/2021,,867.78,DR,4296.27,UPI/evm862ariecd@ybl/P2M/y4b6dd5p@paytm/Paytm
27/12/2021,381299,1370.04,DR,2926.23,UPI/tdmtver2kqai@okaxis/P2M/yxsfi8vt@ptbyl/Amazon
27/12/2021,193918,355.65,DR,2570.58,UPI/gtn4w4eunxq1@okhdfc/P2M/d9almnfo@oksbi/Paytm
27/12/2021,,3680.88,CR,6251.46,UPI/o7pm52bck59x@oksbi
27/12/2021,,924.24,DR,5327.22,UPI/spcvkcg6qy2c@okaxis/P2M/mpzodva8@ptbsi/BigBazaar
27/12/2021,874642,297.83,DR,5029.39,UPI/5n5rb1mtfvlo@oksbi/P2M/mp9ulddk@ptbyl/Airtel
27/12/2021,,837.55,DR,4191.84,UPI/vowu03v3lnwu@oksbi/P2M/mnobr5tc@ptbyl/Chala
27/12/2021,729127,924.44,CR,5116.28,UPI/pkwfvdxdaq8o@oksbi
27/12/2021,,4737.84,CR,9854.12,UPI/kc0zrtq8tdvp@okaxis
27/12/2021,,1196.82,DR,8657.3,UPI/j2089vwclvua@paytm/P2M/5ugz0v9e@oksbi/VENNA
27/12/2021,,1145.11,CR,9802.41,UPI/zkf0qo3u2w6d@axl
27/12/2021,,236.98,DR,9565.43,UPI/pill3d52zb7e@okhdfc/P2M/ugmfb0hm@oksbi/Paytm
27/12/2021,539513,777.02,DR,8788.41,UPI/meoaxqyglc7g@axl/P2M/6pkhtarr@paytm/Amazon
27/12/2021,,49.78,DR,8738.63,UPI/lld1ojea09sl@okhdfc/P2M/l5v6czif@paytm/BigBazaar
27/12/2021,330774,788.14,DR,7950.49,UPI/vswxgiyxacg0@paytm/P2M/imo6or1g@ptbyl/AxisBank
27/12/2021,,290.61,DR,7659.88,UPI/1q4p0wyun2im@okaxis/P2M/d8oze29b@paytm/AxisBank
26/12/2021,,1350.58,CR,9010.46,UPI/mpi5ta6fj34u@oksbi
26/12/2021,,1401.78,DR,7608.68,UPI/g7hwsi6hag7i@okaxis/P2M/uxh2qm2c@ptbsi/Edara
26/12/2021,,1442.11,DR,6166.57,UPI/5oal18un6rv9@paytm/P2M/d4cljlrd@oksbi/AxisBank
26/12/2021,,1416.75,CR,7583.32,UPI/2cjddxjzracc@axl
26/12/2021,,1104.55,DR,6478.77,UPI/95jknce2353q@okaxis/P2M/5a77l00j@oksbi/Amazon
26/12/2021,,734.45,DR,5744.32,UPI/55ffnzerhs7j@okhdfc/P2M/4pshcey1@ptbsi/Airtel
26/12/2021,,3042.02,CR,8786.34,UPI/ykaloutbcq3m@axl
26/12/2021,845933,54.08,DR,8732.26,UPI/8dvredz6mrzy@paytm/P2M/8oubj6o7@ptbsi/VENNA
26/12/2021,209042,143.28,DR,8588.98,UPI/0hitoie802pl@oksbi/P2M/wnndzivi@ptbyl/BigBazaar
26/12/2021,,886.33,DR,7702.65,UPI/9x78hs4fd7x7@okhdfc/P2M/hwajyoj6@oksbi/VENNA
26/12/2021,530680,1020.58,DR,6682.07,UPI/gl0wn8e5m4eq@paytm/P2M/h2s7dy98@ptbsi/BigBazaar
26/12/2021,370821,914.89,DR,5767.18,UPI/a274pvkslh67@axl/P2M/blfryepw@ptbsi/AxisBank
26/12/2021,288373,464.33,DR,5302.85,UPI/gtyz7le4jvwf@oksbi/P2M/m8fheyfu@ptbsi/Edara
26/12/2021,570691,3604.7,CR,8907.55,UPI/2899gewhfytx@axl
26/12/2021,,850.93,DR,8056.62,UPI/6zc0fomcqfb3@axl/P2M/rowimmh9@ptbsi/BigBazaar
25/12/2021,,1176.27,DR,6880.35,UPI/btyqj9aqoz4j@paytm/P2M/92pxbin3@oksbi/Flipkart
25/12/2021,,620.85,DR,6259.5,UPI/7ifyz861l1p3@okhdfc/P2M/q84tysb6@ptbyl/Paytm
25/12/2021,384266,1269.97,DR,4989.53,UPI/xm1lk8crj8go@ybl/P2M/twq43gl1@paytm/Edara
25/12/2021,,796.84,DR,4192.69,UPI/lalw2gqqyitj@axl/P2M/8351v57m@ptbsi/BigBazaar
25/12/2021,,1324.82,DR,2867.87,UPI/np9ahdpogcm4@okhdfc/P2M/q3pkxy2n@ptbyl/Edara
25/12/2021,804210,202.22,DR,2665.65,UPI/r9vy5b0xyacr@axl/P2M/15yc1phv@oksbi/Airtel
25/12/2021,388746,1063.48,DR,1602.17,UPI/k845n0531yjc@okhdfc/P2M/aujshdj9@paytm/Airtel
25/12/2021,897106,1027.38,DR,574.79,UPI/jqb171knm14z@okhdfc/P2M/1isr41n1@oksbi/Chala
25/12/2021,,297.08,DR,277.71,UPI/cl41nfe41030@ybl/P2M/8pjk6sru@ptbsi/Flipkart
25/12/2021,,4869.03,CR,5146.74,UPI/tg7a6reguit1@oksbi
25/12/2021,225404,1498.63,DR,3648.11,UPI/eegw6b9dlken@ybl/P2M/rlkphzod@paytm/Airtel
24/12/2021,541546,2369.88,CR,6017.99,UPI/5ujom2am3ah2@ybl
24/12/2021,,32.4,DR,5985.59,UPI/frz5bk8q4fiq@ybl/P2M/6zu8k5t4@ptbyl/BigBazaar
24/12/2021,,762.36,DR,5223.23,UPI/kspn7nz23wud@axl/P2M/40w6i1i9@oksbi/Paytm
24/12/2021,,664.66,DR,4558.57,UPI/6t9i9ja6r4kb@ybl/P2M/z34885nf@oksbi/Edara
24/12/2021,,300.58,DR,4257.99,UPI/bosow2ke7n74@okaxis/P2M/wgbdlyfo@oksbi/VENNA
24/12/2021,,1214.34,DR,3043.65,UPI/svqgir6tfs3e@oksbi/P2M/ptjrwhhf@paytm/Airtel
24/12/2021,,427.11,DR,2616.54,UPI/yns8uhq8kyt3@axl/P2M/2kmi9ewf@ptbsi/Chala
24/12/2021,,461.02,DR,2155.52,UPI/rby0qhtpd8mr@paytm/P2M/t2jjfsb3@ptbsi/Edara
24/12/2021,,905.85,DR,1249.67,UPI/ea2zd475bkrf@okaxis/P2M/5o4bx9mn@paytm/Airtel
24/12/2021,,179.57,DR,1070.1,UPI/u630fny9ozp9@paytm/P2M/bt7tmsik@oksbi/Flipkart
24/12/2021,,351.01,DR,719.09,UPI/ngbp7nusubpk@ybl/P2M/zh1q3kgm@ptbsi/BigBazaar
24/12/2021,,263.98,DR,455.11,UPI/hq3ul435ye91@okhdfc/P2M/uj614bxf@ptbyl/Flipkart
24/12/2021,343698,153.45,DR,301.66,UPI/3l0vkoe5e84q@oksbi/P2M/g3lictta@oksbi/Amazon
23/12/2021,851169,30.9,DR,270.76,UPI/sfmk8ezlupxg@paytm/P2M/lo1mihdw@oksbi/Amazon
23/12/2021,,885.85,CR,1156.61,UPI/o8niz97cf5gj@okhdfc
23/12/2021,,1132.55,DR,24.06,UPI/1ycm373n801n@paytm/P2M/veig7p83@ptbyl/Flipkart
23/12/2021,427489,4347.2,CR,4371.26,UPI/vceua9ifik1o@oksbi
23/12/2021,841578,84.06,DR,4287.2,UPI/71avqvnmgbhu@oksbi/P2M/ancbx5dt@ptbyl/Amazon
23/12/2021,,1415.77,CR,5702.97,UPI/r3cd3ijgvl6u@paytm
22/12/2021,,1416.31,DR,4286.66,UPI/a1ljwvhtsmkr@axl/P2M/bbppbf68@ptbyl/AxisBank
22/12/2021,263235,182.13,DR,4104.53,UPI/ub9po2mzji3s@oksbi/P2M/5t5964v1@paytm/BigBazaar
22/12/2021,,474.18,CR,4578.71,UPI/3fnbh8vbwp9k@paytm
22/12/2021,,864.32,DR,3714.39,UPI/55xol5jfp233@axl/P2M/qrf137cb@paytm/Flipkart
22/12/2021,,340.1,DR,3374.29,UPI/hlk6ghbdhyx6@okhdfc/P2M/2f6jt2d3@ptbsi/Amazon
22/12/2021,,882.55,DR,2491.74,UPI/2h5g47ieprn9@okhdfc/P2M/mhx0hrje@ptbsi/Airtel
22/12/2021,,385.41,DR,2106.33,UPI/qwqsviu5pwz2@oksbi/P2M/0yohw3qp@paytm/VENNA
22/12/2021,,509.35,DR,1596.98,UPI/io9seicv45rs@ybl/P2M/5s1npc7g@oksbi/Flipkart
22/12/2021,750408,1063.22,DR,533.76,UPI/s9no0vxi3q7i@oksbi/P2M/dhhygqkv@ptbyl/BigBazaar
22/12/2021,,267.39,DR,266.37,UPI/bg06aljp2ktd@okaxis/P2M/rta93t6i@oksbi/Airtel
22/12/2021,,64.65,DR,201.72,UPI/7qh7v2408cdi@axl/P2M/7vax73ik@ptbyl/Airtel
21/12/2021,,1566.22,CR,1767.94,UPI/o7jbsgsyy86l@axl
21/12/2021,,575.29,DR,1192.65,UPI/eoyn1qk9j8g1@paytm/P2M/vpb4u4a4@ptbyl/BigBazaar
21/12/2021,723658,624.53,DR,568.12,UPI/hpiskbotjwtp@okaxis/P2M/kuf7ejjg@oksbi/Amazon
21/12/2021,461766,35.82,DR,532.3,UPI/14qv51k23i4j@okhdfc/P2M/frdkzvjg@ptbyl/AxisBank
21/12/2021,636664,2668.67,CR,3200.97,UPI/a6xxlu5yuieh@paytm
21/12/2021,,1021.27,DR,2179.7,UPI/438t3sg89p44@okhdfc/P2M/xlztjuzg@ptbsi/Amazon
21/12/2021,,383.16,DR,1796.54,UPI/yg3sspuocma0@paytm/P2M/ueswub5l@oksbi/Paytm
21/12/2021,,347.58,DR,1448.96,UPI/a54em7ueuhzj@okhdfc/P2M/kyfo8sjt@ptbyl/Edara
21/12/2021,,3890.0,CR,5338.96,UPI/yhwxiyozuui2@paytm
21/12/2021,827049,4780.16,CR,10119.12,UPI/982u65oqzccv@oksbi
20/12/2021,536688,1161.99,DR,8957.13,UPI/8j5s0yzs7f8m@axl/P2M/75rdqlp0@ptbyl/Flipkart
20/12/2021,,185.87,DR,8771.26,UPI/k3xps5ea6mc4@axl/P2M/80s2anvj@ptbyl/Airtel
20/12/2021,,73.6,DR,8697.66,UPI/1leu8cnpifcv@paytm/P2M/m2ox7xh2@ptbyl/VENNA
20/12/2021,440459,458.56,DR,8239.1,UPI/q9i8j90mmfx4@paytm/P2M/uds8e6vl@paytm/Chala
20/12/2021,,36.62,DR,8202.48,UPI/wzvnf0etxc0u@okaxis/P2M/yoh28nlk@ptbsi/VENNA
20/12/2021,512470,610.58,DR,7591.9,UPI/zru48p97drg6@oksbi/P2M/a77ntydn@ptbsi/Airtel
20/12/2021,245889,986.12,DR,6605.78,UPI/170nfdm0m7un@paytm/P2M/8fmsjszv@ptbsi/VENNA
20/12/2021,,4051.91,CR,10657.69,UPI/acsh7eqcu96h@axl
20/12/2021,,81.82,DR,10575.87,UPI/9lz4wf91ogy8@okaxis/P2M/1phnckmw@paytm/Edara
20/12/2021,562665,997.72,DR,9578.15,UPI/pxlu0el4wfhb@axl/P2M/zzpwwygu@ptbsi/BigBazaar
20/12/2021,307503,1675.42,CR,11253.57,UPI/2y2zf2wz7usk@paytm
20/12/2021,793235,675.95,DR,10577.62,UPI/hc8hh0uwyot9@ybl/P2M/qrbaw3hy@paytm/BigBazaar
20/12/2021,,495.03,DR,10082.59,UPI/5ov4p5zqd7l6@ybl/P2M/r50xbrs0@oksbi/VENNA
20/12/2021,,1014.86,DR,9067.73,UPI/w6spw7nkobv7@paytm/P2M/veht9z7e@ptbyl/AxisBank
20/12/2021,,2336.42,CR,11404.15,UPI/cn4fa4c3a03f@okhdfc
19/12/2021,196995,939.2,DR,10464.95,UPI/hwmz3yikktpx@oksbi/P2M/cuhsxpo1@paytm/VENNA
19/12/2021,465508,43.77,DR,10421.18,UPI/kka6554zcdhn@oksbi/P2M/yub8ooha@ptbsi/Airtel
19/12/2021,,1342.52,DR,9078.66,UPI/kfyxf98yksu1@paytm/P2M/cuzahd1a@ptbyl/Airtel
19/12/2021,,753.77,DR,8324.89,UPI/j23xhkdwf0j9@okaxis/P2M/vctmhhbg@paytm/Flipkart
19/12/2021,490892,281.52,DR,8043.37,UPI/qhm84mmyifbc@okhdfc/P2M/k9w2uyy2@paytm/Airtel
19/12/2021,,872.81,DR,7170.56,UPI/5tjoxqnnglbb@okhdfc/P2M/wt1in9km@oksbi/Paytm
19/12/2021,,1209.88,DR,5960.68,UPI/lpo6bpvi5v6v@okhdfc/P2M/x4cumufp@paytm/Chala
19/12/2021,,984.31,DR,4976.37,UPI/9tc4i9rzc7o7@axl/P2M/kpuoba68@paytm/Chala
19/12/2021,805252,4474.67,CR,9451.04,UPI/rt37v171wyvm@axl
19/12/2021,,1139.56,DR,8311.48,UPI/fg2awe444nhm@okhdfc/P2M/t4rq5ba4@paytm/Airtel
19/12/2021,,946.62,DR,7364.86,UPI/t6petph7unru@oksbi/P2M/e7ozbbjd@ptbyl/Amazon
19/12/2021,,498.43,DR,6866.43,UPI/2yw3xyd04aql@ybl/P2M/tuyfbvbe@ptbyl/Flipkart
19/12/2021,,1079.18,DR,5787.25,UPI/1l6p81bcrg2k@axl/P2M/imm3nyiv@ptbsi/Airtel
19/12/2021,,1441.76,DR,4345.49,UPI/89nz10bwh0sm@oksbi/P2M/0osvyi47@oksbi/AxisBank
19/12/2021,657810,887.8,DR,3457.69,UPI/abpf7dx8rm4s@oksbi/P2M/jg8s5gr7@ptbyl/VENNA
18/12/2021,,522.1,DR,2935.59,UPI/idb2qsebm42g@axl/P2M/l1w4oycx@oksbi/Amazon
18/12/2021,,1356.19,DR,1579.4,UPI/xu6c8zj7tozn@okaxis/P2M/bg5hculf@ptbsi/Flipkart
18/12/2021,,353.37,DR,1226.03,UPI/szalfb839lop@oksbi/P2M/l8av802w@oksbi/AxisBank
18/12/2021,,1105.8,DR,120.23,UPI/g0dcbosdeuxy@okhdfc/P2M/ymekdxhh@ptbsi/Flipkart
18/12/2021,,31.42,DR,88.81,UPI/r08qtcktvca1@ybl/P2M/5osgjulo@paytm/VENNA
18/12/2021,398073,1346.69,CR,1435.5,UPI/azdkh6yca9n5@paytm
17/12/2021,802778,1156.52,DR,278.98,UPI/9da0g1y26ar9@paytm/P2M/s1wvollh@oksbi/Chala
17/12/2021,,41.53,DR,237.45,UPI/dhl023w510h6@paytm/P2M/rkgw3m5e@ptbsi/Flipkart
17/12/2021,332721,28.12,DR,209.33,UPI/ynuae5u8nlia@okhdfc/P2M/d7p3sh6w@paytm/AxisBank
17/12/2021,736639,126.04,DR,83.29,UPI/9o5g6x242jf0@ybl/P2M/hveklmg5@oksbi/Edara
16/12/2021,804825,2058.82,CR,2142.11,UPI/3l7oopjp9rlz@oksbi
16/12/2021,870053,819.09,DR,1323.02,UPI/58pvv9oxmgwy@okhdfc/P2M/6nnxt8zq@oksbi/Amazon
16/12/2021,974927,1253.54,DR,69.48,UPI/okmut443ymaw@okhdfc/P2M/6kwduc3o@ptbsi/Airtel
16/12/2021,864239,883.18,CR,952.66,UPI/tuxuy65dvl39@paytm
16/12/2021,,552.3,DR,400.36,UPI/znhhwowyof1j@axl/P2M/7lmjn9ej@oksbi/AxisBank
16/12/2021,,332.37,DR,67.99,UPI/aeejpf35b1w7@okhdfc/P2M/e6vehrfw@ptbsi/Edara
15/12/2021,184866,4978.81,CR,5046.8,UPI/ntevcpsqbvq5@axl
15/12/2021,527195,156.0,DR,4890.8,UPI/herbzd2o476u@axl/P2M/ubn17whm@paytm/Edara
15/12/2021,500676,1232.95,DR,3657.85,UPI/3sou9fap23ta@paytm/P2M/ypjhfzlc@paytm/VENNA
15/12/2021,,1413.56,DR,2244.29,UPI/yllcda7umgbp@okaxis/P2M/1kronw3y@oksbi/Airtel
15/12/2021,,547.97,DR,1696.32,UPI/cl5krf6asxe6@axl/P2M/4rz9zwe9@ptbyl/Amazon
15/12/2021,,726.58,DR,969.74,UPI/ls8b3nfac60s@axl/P2M/iwnbwecc@oksbi/BigBazaar
15/12/2021,,386.72,DR,583.02,UPI/096p2ow5i8bq@paytm/P2M/yobty8bv@ptbsi/Chala
15/12/2021,,479.15,DR,103.87,UPI/3gs2eemnx099@okhdfc/P2M/y2xioe97@oksbi/Flipkart
15/12/2021,,2517.26,CR,2621.13,UPI/lbgl9c26rmga@ybl
15/12/2021,,774.68,DR,1846.45,UPI/kwpc1cob3psy@axl/P2M/b0fv8sr7@ptbyl/Chala
14/12/2021,,3775.05,CR,5621.5,UPI/ndeqlywihyxs@ybl
14/12/2021,,452.2,DR,5169.3,UPI/1m3d0xclu0v8@axl/P2M/jfvv5dgq@ptbyl/Amazon
14/12/2021,600995,515.77,DR,4653.53,UPI/uof84t27jyg5@ybl/P2M/br7hmhc2@oksbi/Amazon
14/12/2021,,858.6,DR,3794.93,UPI/ji5gv5vl154v@ybl/P2M/j8asocvo@ptbsi/Chala
14/12/2021,,969.21,DR,2825.72,UPI/ejosy8ac5ujr@oksbi/P2M/7tea72ui@ptbyl/Chala
14/12/2021,,852.09,DR,1973.63,UPI/c3m0grz5qi4k@ybl/P2M/mvyu77r8@oksbi/AxisBank
14/12/2021,,1105.14,DR,868.49,UPI/ipwjbkwe9o1a@ybl/P2M/yb60wn0m@paytm/Amazon
14/12/2021,957542,640.01,DR,228.48,UPI/qy64bmjvgdht@okhdfc/P2M/6pxzkbdp@paytm/Amazon
14/12/2021,,186.1,DR,42.38,UPI/j5ai3ujokteo@okaxis/P2M/7ewv61tl@paytm/BigBazaar
13/12/2021,,2634.35,CR,2676.73,UPI/x3azrodtkske@ybl
13/12/2021,871586,439.05,DR,2237.68,UPI/80ksibn1b6fv@okhdfc/P2M/d1s0348p@ptbsi/Edara
13/12/2021,,1221.83,DR,1015.85,UPI/thdhuhoog6yq@oksbi/P2M/wwxo4dv9@ptbyl/Airtel
13/12/2021,529550,844.78,DR,171.07,UPI/ty97ah3fcyxh@ybl/P2M/e5ofsrm7@oksbi/VENNA
12/12/2021,,3288.79,CR,3459.86,UPI/bnn5y2hxy816@okaxis
12/12/2021,,476.4,DR,2983.46,UPI/mj82o5kyiilt@paytm/P2M/qw3qotxu@paytm/BigBazaar
12/12/2021,,657.7,DR,2325.76,UPI/bl2hrcor6m3l@paytm/P2M/mh0nn780@oksbi/VENNA
12/12/2021,,1314.91,DR,1010.85,UPI/moza49mfoe5s@paytm/P2M/4ao8snpg@oksbi/VENNA
12/12/2021,258655,906.01,DR,104.84,UPI/2keto9ekloxi@okaxis/P2M/7ob7tt25@ptbsi/Paytm
12/12/2021,,2488.32,CR,2593.16,UPI/1dsceo978b9k@okhdfc
11/12/2021,441521,1408.15,DR,1185.01,UPI/i0tldiyhj1c9@okhdfc/P2M/rihno3te@oksbi/BigBazaar
11/12/2021,,1010.56,DR,174.45,UPI/n9ymtuo2s7lz@ybl/P2M/do58gq5i@oksbi/AxisBank
11/12/2021,,4287.93,CR,4462.38,UPI/z5l13t8xfpzk@okaxis
11/12/2021,223788,126.14,CR,4588.52,UPI/xowqcvhg8ixw@oksbi
11/12/2021,,248.91,DR,4339.61,UPI/0ly72m020abp@paytm/P2M/m6aqdg3f@ptbyl/Flipkart
10/12/2021,,1751.59,CR,6091.2,UPI/c1r3mf80xifx@ybl
10/12/2021,817038,1314.25,DR,4776.95,UPI/740qqdtnuwyh@paytm/P2M/9jm3f2i6@ptbyl/AxisBank
10/12/2021,316259,1177.56,DR,3599.39,UPI/76u8h30r0jmc@paytm/P2M/ysumhx9h@ptbsi/Amazon
10/12/2021,,1322.0,DR,2277.39,UPI/pjpxcenv8x6q@ybl/P2M/l91fesg4@paytm/Flipkart
10/12/2021,,183.42,DR,2093.97,UPI/lspo2dvv42zx@paytm/P2M/lv16o11p@paytm/Edara
10/12/2021,903057,339.59,DR,1754.38,UPI/k1auk2iymuog@paytm/P2M/9g6lyji1@ptbyl/Paytm
10/12/2021,,920.38,DR,834.0,UPI/ru06f651sdhh@okhdfc/P2M/0ymo9def@ptbsi/Flipkart
10/12/2021,,741.23,DR,92.77,UPI/68jkjn8kdkbc@okhdfc/P2M/t36yksqi@paytm/Chala
09/12/2021,,54.14,DR,38.63,UPI/yvsgz06vmy1s@paytm/P2M/ax2fqsne@ptbyl/Airtel
08/12/2021,,4314.6,CR,4353.23,UPI/hjum3a6lacxh@paytm
08/12/2021,,1498.77,DR,2854.46,UPI/7qii3n60z3ho@axl/P2M/wol6csba@paytm/AxisBank
07/12/2021,741941,447.16,DR,2407.3,UPI/2mnpe1piy44z@ybl/P2M/c8x3xf2p@ptbyl/Airtel
07/12/2021,,1026.52,DR,1380.78,UPI/6vqztq3br2yu@paytm/P2M/8663vhe0@ptbsi/Paytm
07/12/2021,,955.98,DR,424.8,UPI/ktzox2iopm1o@okhdfc/P2M/ylm9z25w@paytm/Amazon
07/12/2021,,359.65,DR,65.15,UPI/ftckgap62tr2@okaxis/P2M/p2161s4g@paytm/Edara
06/12/2021,208445,2133.66,CR,2198.81,UPI/gtxgwnc3ipsn@axl
06/12/2021,405855,4838.09,CR,7036.9,UPI/y748880kj00r@paytm
06/12/2021,,110.63,DR,6926.27,UPI/7qd66kpiop4u@ybl/P2M/2wwda09x@paytm/Amazon
06/12/2021,610508,284.89,DR,6641.38,UPI/j10797k9b2jf@oksbi/P2M/huvxl451@ptbsi/Chala
06/12/2021,,497.4,DR,6143.98,UPI/yi2g0sab7kdy@paytm/P2M/hx37bvhs@ptbyl/Chala
06/12/2021,,736.12,DR,5407.86,UPI/vdt42krrdf2s@okhdfc/P2M/9gbyerr8@ptbsi/Edara
06/12/2021,,669.72,DR,4738.14,UPI/vdv00hcb4o53@okaxis/P2M/e3lt6qv5@ptbyl/Paytm
06/12/2021,,1033.3,DR,3704.84,UPI/h1lhgpyxy10f@oksbi/P2M/w4vbnqq6@paytm/Edara
06/12/2021,,868.77,DR,2836.07,UPI/r2s96n8f1vom@ybl/P2M/id82t2v2@oksbi/Amazon
06/12/2021,,1149.74,CR,3985.81,UPI/cptwgnjyf1kr@okhdfc
06/12/2021,125410,797.87,DR,3187.94,UPI/oemkpgshgmy9@ybl/P2M/pxb9n3ad@paytm/Airtel
06/12/2021,,1077.2,DR,2110.74,UPI/lrgm62zlqcux@okaxis/P2M/oa1j8h6y@oksbi/Flipkart
05/12/2021,,130.37,DR,1980.37,UPI/uhovtq35274u@ybl/P2M/qoaz9r0d@ptbsi/Amazon
05/12/2021,,20.14,DR,1960.23,UPI/u800q4c9yghg@oksbi/P2M/r6ast8ig@paytm/Flipkart
05/12/2021,388266,169.75,DR,1790.48,UPI/tgqxv82df0ig@okhdfc/P2M/zkkrr22d@oksbi/AxisBank
05/12/2021,311695,1346.92,DR,443.56,UPI/bfr8jboa742t@paytm/P2M/wm7w9miy@ptbyl/Amazon
05/12/2021,786265,3938.6,CR,4382.16,UPI/56d4bbscx4qa@ybl
05/12/2021,290357,20.27,DR,4361.89,UPI/1kc6cadbhp0s@axl/P2M/l1owcggl@oksbi/Flipkart
05/12/2021,,2498.85,CR,6860.74,UPI/3u15bqihowpe@okhdfc
05/12/2021,,776.45,DR,6084.29,UPI/ym2io0212z5v@axl/P2M/yiq9qnfd@ptbyl/VENNA
05/12/2021,829214,258.35,DR,5825.94,UPI/mi1vovgotvg0@okhdfc/P2M/fcp6h2ck@ptbyl/VENNA
05/12/2021,547372,3268.31,CR,9094.25,UPI/cd1zo3lkajf5@axl
05/12/2021,204226,550.44,DR,8543.81,UPI/zuo010lzto7j@ybl/P2M/ms44ykmr@oksbi/Amazon
05/12/2021,,1143.07,DR,7400.74,UPI/rn87k5mklrq4@ybl/P2M/oia8160w@paytm/Paytm
05/12/2021,,257.55,DR,7143.19,UPI/ct3k8xhl205s@okhdfc/P2M/82siyeid@oksbi/Flipkart
04/12/2021,386395,1333.42,CR,8476.61,UPI/fkueletr4msp@ybl
04/12/2021,,344.34,DR,8132.27,UPI/wu2jaepbnlfm@paytm/P2M/un9f0ayb@ptbsi/Edara
04/12/2021,,931.95,DR,7200.32,UPI/oz0oon1ugdyt@paytm/P2M/2jizl776@oksbi/Flipkart
04/12/2021,625240,2567.59,CR,9767.91,UPI/88cs9pefa9f5@ybl
04/12/2021,,1444.3,DR,8323.61,UPI/n72ei4zcquus@paytm/P2M/wim3mmvd@paytm/BigBazaar
04/12/2021,,131.38,DR,8192.23,UPI/1y8s4a98iuk0@paytm/P2M/xrksb0ir@ptbyl/Airtel
04/12/2021,,259.23,DR,7933.0,UPI/2p1a3r9lmtve@oksbi/P2M/87y9v239@ptbsi/Paytm
04/12/2021,858815,1568.27,CR,9501.27,UPI/upkta4d8w6hg@axl
04/12/2021,,1015.3,DR,8485.97,UPI/3melnap6jemr@okaxis/P2M/ou23zern@ptbsi/VENNA
04/12/2021,502418,223.17,DR,8262.8,UPI/h8yg365rji94@axl/P2M/hyf4q8bz@ptbyl/Amazon
04/12/2021,947857,301.71,DR,7961.09,UPI/fyb1onrj1j2e@ybl/P2M/l5o3qij1@oksbi/BigBazaar
04/12/2021,,928.56,DR,7032.53,UPI/bwx8da40t9qc@ybl/P2M/iku00fy4@ptbyl/BigBazaar
04/12/2021,191157,1356.39,DR,5676.14,UPI/t1hvbgz395yn@paytm/P2M/xcxyr171@paytm/Edara
04/12/2021,237829,167.4,DR,5508.74,UPI/fgjntotdav9j@paytm/P2M/fjdvohkf@ptbsi/Chala
03/12/2021,,621.3,DR,4887.44,UPI/3hzlv3u9chn7@axl/P2M/sswhxe28@ptbsi/Paytm
03/12/2021,835304,31.12,DR,4856.32,UPI/r2ft87gpxrsx@axl/P2M/l5bpkk8p@oksbi/AxisBank
03/12/2021,,3110.4,CR,7966.72,UPI/diupfp358yq2@axl
03/12/2021,,517.42,DR,7449.3,UPI/95oz9nkm8vyd@paytm/P2M/cu7epa1d@ptbyl/Chala
03/12/2021,,287.43,DR,7161.87,UPI/09rsrnv5qvm9@oksbi/P2M/0ko6594l@paytm/Paytm
03/12/2021,,834.57,DR,6327.3,UPI/ehcmi4n35vij@okhdfc/P2M/7hcl39ys@ptbsi/AxisBank
03/12/2021,,661.2,DR,5666.1,UPI/pi41tr84zmrp@ybl/P2M/q2ld07id@ptbsi/Flipkart
03/12/2021,,1621.96,CR,7288.06,UPI/mtpp5omjmmuv@oksbi
03/12/2021,772704,796.64,DR,6491.42,UPI/hrxxn4be3p9x@okaxis/P2M/jswps2w9@ptbyl/Chala
03/12/2021,,541.43,DR,5949.99,UPI/lfroubz69wal@axl/P2M/m2yhtmik@paytm/VENNA
03/12/2021,,1437.2,DR,4512.79,UPI/yfmolrrkuei2@okaxis/P2M/f8xxijau@oksbi/AxisBank
03/12/2021,548986,1954.72,CR,6467.51,UPI/7mh6gp2nonms@ybl
03/12/2021,,802.09,DR,5665.42,UPI/n2n698uhhyth@axl/P2M/pcbf4tr8@oksbi/AxisBank
03/12/2021,686579,1160.36,DR,4505.06,UPI/ak3g0vt0ivme@okaxis/P2M/3dpsu8y3@paytm/Paytm
02/12/2021,,381.68,DR,4123.38,UPI/53gscun4p7kb@oksbi/P2M/pxqwz0sv@ptbyl/Amazon
02/12/2021,531177,135.99,DR,3987.39,UPI/ghav6gvlje2k@ybl/P2M/9xdzhlz6@oksbi/Flipkart
02/12/2021,,445.15,DR,3542.24,UPI/dohyevqrwq6t@okaxis/P2M/x63lfnu2@ptbsi/Amazon
02/12/2021,,1778.6,CR,5320.84,UPI/wx12gxnz3gjd@okhdfc
02/12/2021,,138.63,DR,5182.21,UPI/qbxtx9hng300@paytm/P2M/48mrm8rn@ptbsi/Paytm
02/12/2021,916152,1173.01,DR,4009.2,UPI/7h2ak7lxb3be@paytm/P2M/3o52oyqt@ptbyl/Chala
02/12/2021,,1487.08,DR,2522.12,UPI/tasjhq5i6yg4@okaxis/P2M/kwp7akul@ptbyl/VENNA
02/12/2021,785208,714.91,DR,1807.21,UPI/i3tfwix6m06y@okhdfc/P2M/qfc7s19y@oksbi/AxisBank
02/12/2021,,127.04,DR,1680.17,UPI/uqtn1uhul3js@paytm/P2M/pj6cn7jw@oksbi/BigBazaar
02/12/2021,,1352.26,DR,327.91,UPI/w1i6d3xvaw18@oksbi/P2M/d01kwnol@paytm/Edara
02/12/2021,905797,809.83,CR,1137.74,UPI/jhu6pqj1sx4e@axl
02/12/2021,836215,330.8,DR,806.94,UPI/mecqf1td2qzw@okhdfc/P2M/yr0q8ysm@oksbi/Edara
01/12/2021,,401.32,DR,405.62,UPI/xrc3bnmhfbkl@paytm/P2M/nvbrgugw@ptbyl/VENNA
01/12/2021,,59.34,DR,346.28,UPI/l1ihcjv2o898@ybl/P2M/kvf6qe6u@paytm/Airtel
01/12/2021,473052,3034.6,CR,3380.88,UPI/78umkge86dyd@paytm
01/12/2021,583642,4599.21,CR,7980.09,UPI/4aax0pzw74ev@ybl
01/12/2021,272553,17.7,DR,7962.39,UPI/omhsvi4l6om4@ybl/P2M/z7xqagsf@ptbyl/Chala
01/12/2021,,243.07,DR,7719.32,UPI/utlrpsakabmk@axl/P2M/po3nsi0q@paytm/Edara
01/12/2021,544231,963.62,DR,6755.7,UPI/4sfynb3xj305@okaxis/P2M/foeha9rw@oksbi/Chala
01/12/2021,,474.59,DR,6281.11,UPI/2mkdct5bjjxz@ybl/P2M/wtad5cxm@ptbsi/Paytm
01/12/2021,411518,680.09,DR,5601.02,UPI/9hzvo7o972ps@oksbi/P2M/d9ix91m0@ptbyl/BigBazaar
01/12/2021,392404,3870.08,CR,9471.1,UPI/b1q7hy9z5ahv@okaxis
