Date,Instrument ID,Amount,Type,Balance,Remarks
30/04/2022,,710.39,DR,338.97,UPI/m6i5xn44uqs3@axl/P2M/vegii1fl@ptbyl/VENNA
30/04/2022,,590.01,CR,928.98,UPI/g2q655b2ybq7@ybl
30/04/2022,,89.92,DR,839.06,UPI/uesc7ugtce37@oksbi/P2M/fi8w34j5@ptbyl/Amazon
30/04/2022,,4512.16,CR,5351.22,UPI/9xsc7phskrpc@axl
30/04/2022,900276,290.09,DR,5061.13,UPI/9rkf9ejarew9@ybl/P2M/mzklirhz@paytm/Airtel
30/04/2022,543537,1221.26,DR,3839.87,UPI/ktz61j9rwthg@okhdfc/P2M/x6du2365@oksbi/Chala
30/04/2022,755178,536.95,DR,3302.92,UPI/d88zc8fwb3jo@axl/P2M/gdoxl8dk@paytm/Chala
30/04/2022,426753,912.83,DR,2390.09,UPI/yd91p4ggsdss@ybl/P2M/c8gq4k22@paytm/VENNA
30/04/2022,,1311.44,DR,1078.65,UPI/q3pku9jpvb2t@ybl/P2M/tn023v4t@paytm/Chala
30/04/2022,492019,963.39,DR,115.26,UPI/rfmdin1uirhj@axl/P2M/ds9ntbrn@oksbi/Amazon
29/04/2022,923513,3557.51,CR,3672.77,UPI/74n3sjbtsx0v@okaxis
29/04/2022,911326,950.45,DR,2722.32,UPI/z0w9eek6l6rc@okaxis/P2M/p7jxckox@ptbsi/Edara
29/04/2022,493075,1089.58,DR,1632.74,UPI/i65i9lhqa1ku@okhdfc/P2M/1nr96iod@oksbi/Paytm
29/04/2022,,33.26,DR,1599.48,UPI/610bgt8qkvep@ybl/P2M/1veiti4y@ptbsi/Amazon
29/04/2022,855733,653.71,DR,945.77,UPI/sr3i4jxz5jj4@axl/P2M/r2vc3lky@ptbyl/AxisBank
29/04/2022,,119.44,DR,826.33,UPI/9irfrzeye2vc@okaxis/P2M/1i7u8r00@oksbi/Flipkart
29/04/2022,,409.89,DR,416.44,UPI/fw71iz8klunc@paytm/P2M/31g40xa0@ptbyl/Paytm
29/04/2022,365080,96.17,DR,320.27,UPI/r5p8ak4w4bzo@oksbi/P2M/pn9wkbdw@paytm/Airtel
29/04/2022,729130,201.03,DR,119.24,UPI/ooaxq63rr0ds@axl/P2M/pl6wwuhi@ptbyl/Paytm
28/04/2022,,95.44,DR,23.8,UPI/hpwwf9y94574@okhdfc/P2M/1xejxlft@paytm/AxisBank
28/04/2022,,1388.65,CR,1412.45,UPI/tx3eepy1r1i8@oksbi
28/04/2022,,334.71,DR,1077.74,UPI/6g23cm55lqvu@axl/P2M/dea3hsfl@ptbyl/AxisBank
28/04/2022,933288,536.67,DR,541.07,UPI/0se1asm053xk@axl/P2M/couurz3k@ptbsi/AxisBank
28/04/2022,177905,133.05,DR,408.02,UPI/1w229l9u5l96@paytm/P2M/wf7lfnjs@paytm/Edara
27/04/2022,967641,3672.29,CR,4080.31,UPI/fqb32433itnz@ybl
27/04/2022,,260.85,DR,3819.46,UPI/d5b2hjmsersr@oksbi/P2M/iqlfslvh@ptbsi/Chala
27/04/2022,552448,1396.13,DR,2423.33,UPI/qufzl6coxdxp@okaxis/P2M/e5pi94a7@paytm/Flipkart
27/04/2022,,1013.92,DR,1409.41,UPI/dg2asih1ytm3@okaxis/P2M/nwsptydl@oksbi/Airtel
27/04/2022,809820,1157.2,DR,252.21,UPI/rksqvrfjdy0d@paytm/P2M/b44u56kc@ptbyl/Flipkart
27/04/2022,,3498.04,CR,3750.25,UPI/d0r83xai91fy@oksbi
27/04/2022,418169,744.86,DR,3005.39,UPI/0r15c15wrxqy@oksbi/P2M/4mr4j49p@oksbi/Edara
27/04/2022,886682,2448.59,CR,5453.98,UPI/ekn3uit8odpo@paytm
27/04/2022,149708,1432.56,DR,4021.42,UPI/608mhew8qs4a@ybl/P2M/lwbt6ce3@ptbsi/Airtel
27/04/2022,403317,1071.66,DR,2949.76,UPI/5ii4cesion1g@okaxis/P2M/q5q6pueo@oksbi/Flipkart
26/04/2022,,751.4,DR,2198.36,UPI/oc3y4da723qg@okaxis/P2M/i9q74fu1@ptbyl/BigBazaar
26/04/2022,,4985.03,CR,7183.39,UPI/rxvct13qtv0l@axl
26/04/2022,,1210.73,DR,5972.66,UPI/bzz1nfbq3fie@axl/P2M/i6lczzt8@paytm/Amazon
26/04/2022,832587,857.33,DR,5115.33,UPI/a372op00jgon@ybl/P2M/ld4zjzns@oksbi/AxisBank
26/04/2022,,346.96,DR,4768.37,UPI/uaefq53v732c@ybl/P2M/znut855t@ptbsi/AxisBank
26/04/2022,,125.78,DR,4642.59,UPI/payk6ty52wn5@paytm/P2M/rs09msy2@ptbyl/Edara
26/04/2022,,1056.41,DR,3586.18,UPI/ss6flsae9oqw@okhdfc/P2M/m47siruw@paytm/VENNA
26/04/2022,219242,560.69,DR,3025.49,UPI/9527umf1k6p6@paytm/P2M/cbepd96h@paytm/Paytm
26/04/2022,,833.44,DR,2192.05,UPI/09mhenmrxvnx@axl/P2M/w13r2a4c@ptbyl/Chala
26/04/2022,,993.16,DR,1198.89,UPI/31dripbi67cw@okhdfc/P2M/wcgg7nqs@ptbsi/Chala
26/04/2022,,27.73,DR,1171.16,UPI/oi8vc9mujp2o@axl/P2M/x3em0zcv@ptbyl/VENNA
26/04/2022,,682.09,DR,489.07,UPI/7ctlcv38h4nc@oksbi/P2M/rdonj99j@ptbyl/VENNA
25/04/2022,449680,321.82,DR,167.25,UPI/4dk8l8npy7bi@okhdfc/P2M/lp6pj76p@ptbyl/VENNA
25/04/2022,456928,1994.01,CR,2161.26,UPI/1vosws4bkdku@okhdfc
25/04/2022,,190.8,DR,1970.46,UPI/oof5bfw5cqc7@okaxis/P2M/lvphxqsd@ptbyl/VENNA
25/04/2022,752176,818.01,DR,1152.45,UPI/8ydf7fsbekgp@axl/P2M/u1iuvc4x@oksbi/Amazon
25/04/2022,,4760.19,CR,5912.64,UPI/nnd7hnq9azs9@paytm
25/04/2022,,618.58,DR,5294.06,UPI/ij82zjemhl2o@oksbi/P2M/phtp50jn@paytm/AxisBank
25/04/2022,374012,2072.24,CR,7366.3,UPI/0c052mislcjh@paytm
25/04/2022,,27.27,DR,7339.03,UPI/7m7qjawnc4l7@axl/P2M/chb7odqt@paytm/VENNA
25/04/2022,,651.15,DR,6687.88,UPI/yog3fzzdyr7q@axl/P2M/kbe9kayw@ptbyl/BigBazaar
25/04/2022,,3725.69,CR,10413.57,UPI/fl1xw0r2qcl9@okaxis
24/04/2022,,2351.93,CR,12765.5,UPI/nlk1ndj2orfy@ybl
24/04/2022,978281,3022.58,CR,15788.08,UPI/0v3hd6d1aipd@okhdfc
24/04/2022,,349.08,CR,16137.16,UPI/rqwt2wone0ug@okhdfc
24/04/2022,,4750.5,CR,20887.66,UPI/g790lytovbaf@paytm
24/04/2022,,1032.47,DR,19855.19,UPI/wi9jjkbz8dwf@axl/P2M/ublna4qs@oksbi/Edara
24/04/2022,,1080.79,DR,18774.4,UPI/n8utswmeqwio@okhdfc/P2M/oqmlojrq@ptbyl/Airtel
24/04/2022,676358,854.81,DR,17919.59,UPI/p78jvdhiqid3@okaxis/P2M/875dfrcu@ptbsi/Edara
24/04/2022,,1225.28,DR,16694.31,UPI/i43okpvka5xw@oksbi/P2M/s0hx41dj@paytm/Paytm
24/04/2022,428739,1350.56,DR,15343.75,UPI/8h51jgt1a29a@okaxis/P2M/jyfavmgd@oksbi/Amazon
24/04/2022,,309.26,DR,15034.49,UPI/zhxvvjg0z8ih@ybl/P2M/lrx6ufkc@ptbsi/Chala
24/04/2022,,336.59,DR,14697.9,UPI/nhqg2dlyd29g@paytm/P2M/ujpf696k@ptbsi/VENNA
24/04/2022,,340.69,DR,14357.21,UPI/k4n0tud08dmc@okhdfc/P2M/xgp9u8g9@oksbi/Paytm
23/04/2022,,972.92,DR,13384.29,UPI/hmsd0hpxg12m@axl/P2M/0m2oga7e@ptbsi/VENNA
23/04/2022,257842,1029.01,DR,12355.28,UPI/wdxabppnyrgr@okhdfc/P2M/grm044vf@ptbyl/BigBazaar
23/04/2022,,4079.21,CR,16434.49,UPI/vvtn140v00ly@okhdfc
23/04/2022,,935.43,DR,15499.06,UPI/srzcaw3obag0@oksbi/P2M/4so298ws@ptbyl/Amazon
23/04/2022,,107.16,DR,15391.9,UPI/vgsr1ftn585a@axl/P2M/tm6talvw@ptbsi/AxisBank
23/04/2022,,378.31,DR,15013.59,UPI/v4djhxv01k2p@okaxis/P2M/z06cdrrx@oksbi/Paytm
23/04/2022,507531,355.88,DR,14657.71,UPI/o1kcjc9r8248@ybl/P2M/xx2339pc@oksbi/Amazon
23/04/2022,,256.34,DR,14401.37,UPI/b1pagmyum20f@paytm/P2M/xdeqwtp8@ptbyl/Chala
23/04/2022,375017,771.95,DR,13629.42,UPI/cif1itpyu41b@okhdfc/P2M/qltyryta@ptbsi/VENNA
23/04/2022,,65.36,DR,13564.06,UPI/eqb0e0q5eybp@paytm/P2M/00njwpml@ptbyl/VENNA
23/04/2022,,1344.17,DR,12219.89,UPI/uaogawd9cuux@oksbi/P2M/pyc6tjdj@ptbyl/BigBazaar
23/04/2022,207027,1135.65,DR,11084.24,UPI/vexq1c2rth7m@okhdfc/P2M/emrzztpq@oksbi/Amazon
22/04/2022,979734,911.93,DR,10172.31,UPI/7qygbnc8hywe@paytm/P2M/shemy025@oksbi/Paytm
22/04/2022,448778,1392.6,CR,11564.91,UPI/hzhj4lxp0z6h@okhdfc
22/04/2022,301990,1289.96,DR,10274.95,UPI/zo3qw7bwgc40@axl/P2M/l7csbgmm@ptbsi/Airtel
22/04/2022,755825,1395.29,DR,8879.66,UPI/rkdzx0zwcyog@axl/P2M/clp8xgmk@ptbyl/Amazon
22/04/2022,,139.55,DR,8740.11,UPI/lcuoi44ni3io@okaxis/P2M/4g3ky4lx@ptbsi/Airtel
22/04/2022,,498.94,DR,8241.17,UPI/q9oikwr5jfqx@ybl/P2M/evu37g5y@paytm/Chala
22/04/2022,616706,475.23,DR,7765.94,UPI/nu8putg0gbwp@ybl/P2M/nn2a3d5p@paytm/Amazon
22/04/2022,254371,843.02,DR,6922.92,UPI/vbiyq1cdp8rp@paytm/P2M/pj9xv8r2@paytm/BigBazaar
22/04/2022,557499,626.9,DR,6296.02,UPI/phx683cwj0ps@okaxis/P2M/3639alu4@paytm/Flipkart
22/04/2022,966793,795.78,DR,5500.24,UPI/qfsi9snprly2@ybl/P2M/s09rtqaw@ptbsi/AxisBank
22/04/2022,277585,1227.46,CR,6727.7,UPI/nq9iehi1j1s2@ybl
22/04/2022,455364,618.9,CR,7346.6,UPI/8ulaq6atbe4p@okhdfc
21/04/2022,,191.11,DR,7155.49,UPI/8p4plnr0uhtk@okhdfc/P2M/13iz180x@ptbyl/BigBazaar
21/04/2022,,378.84,DR,6776.65,UPI/bqkvg9uzr9d2@okhdfc/P2M/d59ixb7p@oksbi/Edara
21/04/2022,800939,167.36,DR,6609.29,UPI/vq25460z030k@axl/P2M/yd5vp1bc@oksbi/VENNA
21/04/2022,,960.15,DR,5649.14,UPI/9bz1xlf8msph@axl/P2M/8ql7sm9k@ptbsi/Edara
21/04/2022,,266.22,DR,5382.92,UPI/8fr084oaxdip@ybl/P2M/xdlw36ei@ptbsi/Airtel
21/04/2022,,809.61,DR,4573.31,UPI/k3yxzobnnl0l@okaxis/P2M/uuzb942r@paytm/BigBazaar
21/04/2022,,186.38,DR,4386.93,UPI/3csrqtxhmukn@paytm/P2M/y4d05yx8@paytm/Amazon
21/04/2022,,934.0,DR,3452.93,UPI/n6dn6cm3kr4a@okhdfc/P2M/4dqfqkcw@paytm/Flipkart
21/04/2022,949148,154.57,DR,3298.36,UPI/zzaxla5y9gh5@okhdfc/P2M/wp26fe49@ptbsi/AxisBank
21/04/2022,924022,453.21,DR,2845.15,UPI/8f833aa74pb5@axl/P2M/q1y16gii@ptbsi/BigBazaar
21/04/2022,,1385.09,CR,4230.24,UPI/cdufs8mi7trt@oksbi
21/04/2022,492482,792.06,DR,3438.18,UPI/cq5owpwi1rv6@oksbi/P2M/pntokfex@ptbyl/VENNA
20/04/2022,,354.77,DR,3083.41,UPI/9bnzxraa6rek@oksbi/P2M/9jsymwli@ptbsi/Edara
20/04/2022,,531.92,DR,2551.49,UPI/rpls8ec5j7dx@axl/P2M/8rhwjk0b@ptbyl/AxisBank
20/04/2022,,839.84,DR,1711.65,UPI/amjt3493tek0@ybl/P2M/4q1zgp4g@oksbi/Amazon
20/04/2022,854039,1367.68,CR,3079.33,UPI/hl925ksx9o3g@ybl
20/04/2022,,728.91,DR,2350.42,UPI/ohcuadr0h633@ybl/P2M/6ga5ttdj@ptbyl/BigBazaar
20/04/2022,,920.82,DR,1429.6,UPI/qxhxab5rnui5@okaxis/P2M/e4p9o3h9@ptbyl/Airtel
20/04/2022,402158,346.96,DR,1082.64,UPI/clkhulvlbta4@oksbi/P2M/uw83613v@oksbi/BigBazaar
20/04/2022,,298.42,DR,784.22,UPI/kpq1367hpcai@ybl/P2M/kf5avq5u@ptbsi/Amazon
20/04/2022,,252.3,DR,531.92,UPI/05g7dxcxeyau@oksbi/P2M/c10ph66d@ptbyl/Edara
20/04/2022,445141,3675.28,CR,4207.2,UPI/uabp8mrb1eok@paytm
20/04/2022,,1074.56,CR,5281.76,UPI/lcexvp71sttq@oksbi
20/04/2022,239460,1476.46,DR,3805.3,UPI/ah5bxyxz7895@oksbi/P2M/w1pjqqrm@oksbi/Airtel
19/04/2022,,2298.14,CR,6103.44,UPI/bgrv12ka0shj@axl
19/04/2022,998703,1346.62,DR,4756.82,UPI/mpbj5dwa39sv@okaxis/P2M/6roh7dyr@paytm/BigBazaar
19/04/2022,,397.45,DR,4359.37,UPI/7quxlag922c5@paytm/P2M/f8atc3w9@ptbsi/Paytm
19/04/2022,517774,105.09,DR,4254.28,UPI/oevvwwecgcx2@ybl/P2M/puk9sqm7@paytm/Chala
19/04/2022,,248.31,DR,4005.97,UPI/399n5zdm47lb@ybl/P2M/e0ejxek3@oksbi/Airtel
19/04/2022,652898,1076.87,DR,2929.1,UPI/u8lvb52aj9cj@oksbi/P2M/rkxa1rvp@oksbi/Amazon
19/04/2022,,200.48,DR,2728.62,UPI/pqavstpetuar@paytm/P2M/envr74oh@paytm/BigBazaar
19/04/2022,,720.23,DR,2008.39,UPI/gjf8z2ycwn6h@okaxis/P2M/r1fsucnt@ptbyl/Chala
19/04/2022,,1272.69,DR,735.7,UPI/g9kp3g9xt22k@okhdfc/P2M/3lu8d6d5@oksbi/Chala
19/04/2022,356846,338.95,DR,396.75,UPI/x6cq2cgoycgs@ybl/P2M/cb1c1irp@ptbsi/Chala
19/04/2022,,3338.54,CR,3735.29,UPI/3n0oc0imghpk@ybl
19/04/2022,509820,1209.2,DR,2526.09,UPI/70rxolyq9p06@okaxis/P2M/2v5949ni@ptbsi/Airtel
18/04/2022,,874.48,DR,1651.61,UPI/qh6h8n3bi4s9@okhdfc/P2M/davkjzqj@ptbyl/AxisBank
18/04/2022,804755,805.39,DR,846.22,UPI/d75jxac705u7@ybl/P2M/1d0cvuv6@paytm/Flipkart
18/04/2022,901275,60.9,DR,785.32,UPI/y3uismy4t48c@okhdfc/P2M/n27h4dfk@ptbyl/Amazon
18/04/2022,,707.32,DR,78.0,UPI/3b5ihdya60gg@okhdfc/P2M/519d7sg8@ptbyl/Flipkart
18/04/2022,,1865.02,CR,1943.02,UPI/oc0fkghbz8nn@axl
18/04/2022,549401,4549.88,CR,6492.9,UPI/qflutwvshfzh@axl
18/04/2022,,448.28,DR,6044.62,UPI/546wc2ksa8u3@okhdfc/P2M/vb0kt8ah@ptbyl/AxisBank
17/04/2022,304849,871.22,DR,5173.4,UPI/gwgq52zevnr8@axl/P2M/drpwz4s4@ptbsi/BigBazaar
17/04/2022,,764.15,CR,5937.55,UPI/m8qr0ujx0wig@oksbi
17/04/2022,,2062.44,CR,7999.99,UPI/niamn37u3muv@okhdfc
17/04/2022,943769,1453.1,DR,6546.89,UPI/fljsxivkxqls@axl/P2M/aio4mm5m@oksbi/Edara
17/04/2022,,441.49,DR,6105.4,UPI/o3br315squ9z@okaxis/P2M/1wkpsw1q@paytm/Chala
17/04/2022,,941.34,DR,5164.06,UPI/jy98fk512p2o@okaxis/P2M/2agomm2q@ptbsi/BigBazaar
17/04/2022,357463,345.47,DR,4818.59,UPI/x8vchhx00cc9@ybl/P2M/r209abqs@ptbsi/Airtel
17/04/2022,,1417.28,DR,3401.31,UPI/j9umomhy9xzr@axl/P2M/4vk3lfde@ptbsi/Flipkart
17/04/2022,,391.04,DR,3010.27,UPI/ke8hbx8my81k@axl/P2M/q3f7e5ck@paytm/Flipkart
17/04/2022,,956.86,DR,2053.41,UPI/fvjw0czzd6bb@okaxis/P2M/wsjamqct@ptbsi/Airtel
17/04/2022,292485,294.16,DR,1759.25,UPI/j7qclh5gr1th@okhdfc/P2M/srqiw2oe@oksbi/Flipkart
17/04/2022,,720.54,DR,1038.71,UPI/ol5u7s5jxa2l@axl/P2M/htc3udsw@oksbi/Paytm
16/04/2022,,671.59,DR,367.12,UPI/be4a9w8ehgn5@okaxis/P2M/eyw9b65p@oksbi/Amazon
16/04/2022,,298.62,DR,68.5,UPI/sp4o19fagcii@okaxis/P2M/oy04zl4q@ptbyl/Paytm
16/04/2022,,2449.82,CR,2518.32,UPI/dulcmtmz502x@oksbi
16/04/2022,514005,190.84,DR,2327.48,UPI/6z1oiuz6y302@paytm/P2M/7aiqjrul@oksbi/Chala
16/04/2022,,738.36,DR,1589.12,UPI/5e46n203x3wu@paytm/P2M/gdskpon6@paytm/Flipkart
16/04/2022,,942.04,DR,647.08,UPI/w0xahp0napbz@oksbi/P2M/msp5uk0z@paytm/BigBazaar
16/04/2022,,471.79,DR,175.29,UPI/ima8xdo45mii@paytm/P2M/wfar2wjx@oksbi/AxisBank
15/04/2022,,721.83,CR,897.12,UPI/j2y0rf0zcdzf@ybl
15/04/2022,651982,1011.72,CR,1908.84,UPI/lugynuk6u96b@paytm
15/04/2022,213860,749.52,DR,1159.32,UPI/if1er9m1aij1@paytm/P2M/zekdrz3u@paytm/Amazon
15/04/2022,,1099.45,DR,59.87,UPI/u877a2jjcc4h@ybl/P2M/qlb17mpy@ptbyl/Flipkart
15/04/2022,750807,2042.98,CR,2102.85,UPI/h3h8sjmae27g@paytm
15/04/2022,971268,847.32,DR,1255.53,UPI/vduyj1wp8kw1@paytm/P2M/j65vxgif@ptbyl/Airtel
15/04/2022,891385,48.21,DR,1207.32,UPI/xao9gf1p8ebn@oksbi/P2M/1733ao05@ptbyl/AxisBank
15/04/2022,,817.72,DR,389.6,UPI/c7298njod5v4@okhdfc/P2M/zfiwic43@ptbsi/Flipkart
14/04/2022,,112.92,DR,276.68,UPI/u38a2czocl4o@ybl/P2M/1j61pw3u@oksbi/Flipkart
14/04/2022,,125.92,DR,150.76,UPI/u0m9tnkwxygk@axl/P2M/gkd6grep@ptbyl/Amazon
14/04/2022,,129.26,DR,21.5,UPI/y5ipybk9wt7i@ybl/P2M/6pmnggcw@paytm/Flipkart
14/04/2022,,2629.2,CR,2650.7,UPI/p06fs2cugehp@okaxis
13/04/2022,,1285.18,DR,1365.52,UPI/2uu0hn0iyf07@axl/P2M/6wlyd8h7@ptbsi/Airtel
13/04/2022,823137,964.15,DR,401.37,UPI/fg2d9laoqeft@paytm/P2M/wsfbva16@ptbyl/Edara
13/04/2022,853160,266.37,DR,135.0,UPI/3s1s906e6syx@axl/P2M/kuuorx25@ptbyl/Airtel
13/04/2022,461488,1662.1,CR,1797.1,UPI/mdiwzzi2rbs9@okaxis
13/04/2022,550311,189.78,DR,1607.32,UPI/4vwuy22l2a6b@oksbi/P2M/rlowdqzh@oksbi/Amazon
13/04/2022,895064,1042.74,DR,564.58,UPI/i80ruim1mr5v@paytm/P2M/g65aknhi@ptbyl/Chala
13/04/2022,,135.39,DR,429.19,UPI/tr60ilr7yfzc@okhdfc/P2M/i04c8uct@oksbi/Edara
12/04/2022,,272.85,DR,156.34,UPI/e8ecya2a5m1i@okhdfc/P2M/sskjrzza@ptbyl/Paytm
12/04/2022,,81.46,DR,74.88,UPI/3ikjmo3c5aqh@ybl/P2M/9ekhrju5@ptbyl/Airtel
12/04/2022,364726,681.91,CR,756.79,UPI/0ulq8fnqskus@oksbi
12/04/2022,971481,57.59,DR,699.2,UPI/3xv64xpnizg5@axl/P2M/7fptbsok@ptbsi/VENNA
11/04/2022,681110,466.25,DR,232.95,UPI/puwcee41reoh@paytm/P2M/jygnxzcc@ptbsi/VENNA
11/04/2022,,2621.29,CR,2854.24,UPI/i2uik7wpml33@ybl
11/04/2022,,239.61,DR,2614.63,UPI/f8oh680d6j0h@okaxis/P2M/qo2ia8zc@paytm/Airtel
11/04/2022,430193,76.27,DR,2538.36,UPI/x7dhalf3v0ic@okaxis/P2M/u3p1wa79@paytm/Paytm
11/04/2022,219931,1491.42,DR,1046.94,UPI/9j36emmes617@okhdfc/P2M/unzn5di0@oksbi/Edara
11/04/2022,,206.91,DR,840.03,UPI/u0f9k2i8n037@okaxis/P2M/mocy4p4x@ptbsi/Amazon
11/04/2022,859944,4843.42,CR,5683.45,UPI/2e9gm6z65lq2@paytm
11/04/2022,234745,903.45,DR,4780.0,UPI/f9r17c0qncm9@paytm/P2M/lwvnx4k7@ptbyl/Paytm
11/04/2022,896365,4200.82,CR,8980.82,UPI/l65phgcazacu@paytm
10/04/2022,,1001.62,DR,7979.2,UPI/3awygv5akpfe@okhdfc/P2M/boiedxvv@paytm/Paytm
10/04/2022,523937,1032.22,DR,6946.98,UPI/77ezdrnjxq31@okhdfc/P2M/zpl6ix6n@paytm/Flipkart
10/04/2022,578739,464.93,DR,6482.05,UPI/n4c9u8yt01rc@okhdfc/P2M/7pjg8jk4@ptbyl/Amazon
10/04/2022,866015,1265.27,DR,5216.78,UPI/0qk5jymr1rbp@okaxis/P2M/5h1kooq1@oksbi/Flipkart
10/04/2022,590816,516.76,DR,4700.02,UPI/9ueio6evgkhy@ybl/P2M/tu9brhok@ptbsi/Flipkart
10/04/2022,917738,4783.77,CR,9483.79,UPI/3yqhlugegpue@oksbi
10/04/2022,533613,700.26,DR,8783.53,UPI/2liehaz8zi8t@okaxis/P2M/xlb4ik20@ptbyl/Edara
10/04/2022,,28.36,DR,8755.17,UPI/06qlnka7q1eu@ybl/P2M/vznnqb4r@ptbyl/Airtel
10/04/2022,,1310.61,DR,7444.56,UPI/g1duovmxubj3@okhdfc/P2M/8mt0mw1d@paytm/Amazon
10/04/2022,,439.53,DR,7005.03,UPI/0vdbksv6mqop@okaxis/P2M/ds8fsc0w@oksbi/Amazon
10/04/2022,851096,1234.39,DR,5770.64,UPI/x4wtov054gen@okaxis/P2M/3oz1xl0p@paytm/Paytm
10/04/2022,,872.67,DR,4897.97,UPI/ukr1edpupkoe@paytm/P2M/0ouamnoc@ptbyl/Chala
09/04/2022,,294.87,DR,4603.1,UPI/1gur0r38eruf@paytm/P2M/3cvyweo5@oksbi/Edara
09/04/2022,147768,652.63,DR,3950.47,UPI/mugnw50vcj6x@paytm/P2M/42qiu7pa@ptbsi/Chala
09/04/2022,,1358.19,DR,2592.28,UPI/j6ch6s0e7jlg@okaxis/P2M/kgdcig3i@ptbsi/Edara
09/04/2022,,687.4,DR,1904.88,UPI/6un499ws0kum@paytm/P2M/ahqjiqtk@oksbi/Edara
09/04/2022,,209.02,DR,1695.86,UPI/150s5ycibwgf@okaxis/P2M/syvbb9t3@paytm/Edara
09/04/2022,658281,1338.59,DR,357.27,UPI/xkx5efd11spm@okhdfc/P2M/vgn18jep@paytm/Airtel
09/04/2022,,75.42,DR,281.85,UPI/fey7fjr52mqi@paytm/P2M/ughtztjc@ptbyl/Airtel
09/04/2022,,238.02,DR,43.83,UPI/urjulv7iza6f@okhdfc/P2M/vaifd4ij@ptbsi/BigBazaar
08/04/2022,,1118.24,CR,1162.07,UPI/5gdj5npg51d7@okhdfc
08/04/2022,193222,408.22,DR,753.85,UPI/98scjlgjjdu9@oksbi/P2M/4l0ehxc0@paytm/Amazon
08/04/2022,,187.69,DR,566.16,UPI/4qpqa354g7az@oksbi/P2M/o5zelcw9@ptbsi/VENNA
07/04/2022,,43.69,DR,522.47,UPI/i6yer2t49w7a@paytm/P2M/068jttab@ptbsi/Airtel
07/04/2022,,4107.02,CR,4629.49,UPI/zx9ubyievazx@okaxis
07/04/2022,,1580.52,CR,6210.01,UPI/1pwwi0lqvqi0@okhdfc
07/04/2022,,451.92,DR,5758.09,UPI/b7k0n5jt3fxj@okhdfc/P2M/2p4oi5as@ptbyl/Flipkart
06/04/2022,,240.65,DR,5517.44,UPI/tbzr82xrff0u@axl/P2M/4nh8x5as@oksbi/AxisBank
06/04/2022,,140.52,DR,5376.92,UPI/5k1azd9uumqv@axl/P2M/udr935pt@paytm/VENNA
06/04/2022,,587.87,DR,4789.05,UPI/brt2a12oh7w1@paytm/P2M/tr8uai5u@oksbi/Amazon
06/04/2022,780013,155.35,DR,4633.7,UPI/z5rf6d6u02h8@paytm/P2M/tinosygj@ptbsi/AxisBank
06/04/2022,,179.33,DR,4454.37,UPI/g3k4xi7ppes3@axl/P2M/hdzbl7vk@paytm/AxisBank
06/04/2022,602039,1181.07,DR,3273.3,UPI/jemje7g95ih6@okhdfc/P2M/jh755nmf@ptbyl/Paytm
06/04/2022,,89.68,DR,3183.62,UPI/ez56egyj7rtq@okhdfc/P2M/ui1y1lhf@ptbsi/Paytm
06/04/2022,985537,1255.22,DR,1928.4,UPI/vgqdbjprk3jd@axl/P2M/sfu9kibe@ptbsi/Chala
06/04/2022,,960.36,DR,968.04,UPI/5lujjjy8m6p4@axl/P2M/38ovpqhg@ptbsi/Paytm
06/04/2022,673412,2806.06,CR,3774.1,UPI/4rjesy01qsxi@ybl
05/04/2022,,1239.59,CR,5013.69,UPI/eds0xu5srri4@okhdfc
05/04/2022,,1289.25,DR,3724.44,UPI/djezprqjvgog@paytm/P2M/7yjm26ek@oksbi/Amazon
05/04/2022,971152,757.09,DR,2967.35,UPI/pjp76p0emzg7@okaxis/P2M/44mbwgcm@ptbyl/Edara
05/04/2022,397684,715.81,DR,2251.54,UPI/brhk8g1zm858@okhdfc/P2M/w4t49g4l@oksbi/AxisBank
05/04/2022,121180,33.71,DR,2217.83,UPI/3u07l1ruofga@ybl/P2M/l9rzny3m@paytm/Chala
05/04/2022,,650.29,DR,1567.54,UPI/ci2vlbvp1rba@paytm/P2M/lykocn01@ptbsi/Airtel
05/04/2022,160244,1287.13,DR,280.41,UPI/dj4opyeneo7u@ybl/P2M/7d99gmau@paytm/BigBazaar
05/04/2022,,185.93,DR,94.48,UPI/xehqgc5klbmb@axl/P2M/1uespigh@oksbi/Edara
05/04/2022,880797,949.51,CR,1043.99,UPI/p1obve1snbng@paytm
05/04/2022,,791.71,DR,252.28,UPI/ag4c7tfkgwly@ybl/P2M/3n9nubf7@paytm/Airtel
04/04/2022,,4824.16,CR,5076.44,UPI/gigkdeulopgx@okhdfc
04/04/2022,467792,56.39,DR,5020.05,UPI/eds72wbi09mq@paytm/P2M/txcu4fo9@ptbyl/Paytm
04/04/2022,,872.44,DR,4147.61,UPI/gwbcleuiscag@ybl/P2M/fxovsfh0@ptbyl/VENNA
04/04/2022,273683,1164.4,DR,2983.21,UPI/08mku9unf8c8@okhdfc/P2M/83qx4rpt@ptbsi/AxisBank
04/04/2022,,1162.42,DR,1820.79,UPI/f4ok0p1gwvvw@axl/P2M/izwlphib@oksbi/Chala
04/04/2022,,906.71,DR,914.08,UPI/dibyj2jb6k2r@paytm/P2M/69z64soh@ptbyl/Paytm
04/04/2022,547059,145.56,DR,768.52,UPI/f3pb9f488vc1@axl/P2M/z9mcxa46@ptbsi/Edara
04/04/2022,703525,370.84,DR,397.68,UPI/hzpqaqoaxvtr@paytm/P2M/ihh4jclt@paytm/Flipkart
04/04/2022,,346.64,DR,51.04,UPI/lniadg9xwj9b@paytm/P2M/x929y2v3@ptbyl/BigBazaar
03/04/2022,,677.55,CR,728.59,UPI/nr02u9urm8eo@axl
03/04/2022,,4763.81,CR,5492.4,UPI/3cq4zn59k4qg@ybl
03/04/2022,,1276.93,DR,4215.47,UPI/wsusw112duwy@oksbi/P2M/vi8i42f8@ptbyl/Flipkart
03/04/2022,,662.93,DR,3552.54,UPI/r0lylrkayt2f@okhdfc/P2M/h12tyjpo@paytm/Flipkart
03/04/2022,,788.09,DR,2764.45,UPI/utkrsstkqdaa@okaxis/P2M/xkrcbqoo@ptbsi/Chala
03/04/2022,,65.06,DR,2699.39,UPI/bumecr3a47nj@axl/P2M/0kamjs8k@oksbi/BigBazaar
03/04/2022,,650.38,DR,2049.01,UPI/nhi143g8kfk3@ybl/P2M/kqbvwzwr@oksbi/Amazon
03/04/2022,,3592.07,CR,5641.08,UPI/ko5luyjxbh6e@axl
03/04/2022,,835.01,DR,4806.07,UPI/xsou0d9ta0wj@okaxis/P2M/1ffzgxhy@ptbsi/VENNA
03/04/2022,,39.54,DR,4766.53,UPI/pt8lxrs892jy@axl/P2M/gkobi5l3@paytm/VENNA
03/04/2022,,1355.66,DR,3410.87,UPI/ojloh7gfxgil@paytm/P2M/6uygcicz@ptbyl/Flipkart
03/04/2022,246927,1377.91,DR,2032.96,UPI/hq6ivu0rfk79@ybl/P2M/hf9jwtvc@paytm/BigBazaar
02/04/2022,,360.29,DR,1672.67,UPI/6x6xg7az2hs9@oksbi/P2M/295enmnf@paytm/Amazon
02/04/2022,205521,4280.93,CR,5953.6,UPI/ngc9m3xu69tb@ybl
02/04/2022,576831,1248.66,DR,4704.94,UPI/typ33g6m5hdg@oksbi/P2M/ukjx7qor@oksbi/Amazon
02/04/2022,923793,22.03,DR,4682.91,UPI/pd207pc8oj3t@ybl/P2M/r1xd6gz7@oksbi/BigBazaar
02/04/2022,879361,208.72,DR,4474.19,UPI/d0evtj9pilx1@okhdfc/P2M/d4ri7wv6@ptbsi/Amazon
02/04/2022,632382,722.33,DR,3751.86,UPI/bv7h7mxzx99s@oksbi/P2M/pw6i37g1@ptbsi/Amazon
02/04/2022,,1421.24,DR,2330.62,UPI/6uz85lhesyyh@okaxis/P2M/v8xpigxs@ptbsi/Airtel
02/04/2022,601635,1429.66,DR,900.96,UPI/ajjthhaembhm@okhdfc/P2M/jnfsaymh@oksbi/Airtel
02/04/2022,,208.45,DR,692.51,UPI/o0zjm0mup6w5@okhdfc/P2M/7n88ap4k@ptbsi/Paytm
02/04/2022,730372,504.75,DR,187.76,UPI/09xlfx189qm1@paytm/P2M/07te3xfz@ptbsi/Chala
01/04/2022,,81.94,DR,105.82,UPI/x9cpe6xlxn7y@okhdfc/P2M/xp8fiuvl@paytm/AxisBank
01/04/2022,,3439.92,CR,3545.74,UPI/1hv6o7w5072h@paytm
01/04/2022,,1276.57,DR,2269.17,UPI/g6936ou445t5@okhdfc/P2M/u5gjxlwr@paytm/Chala
01/04/2022,,765.95,DR,1503.22,UPI/0ruij84qpm0n@okaxis/P2M/2qwjwlop@oksbi/Flipkart
01/04/2022,552124,767.55,DR,735.67,UPI/38vfyove69nn@axl/P2M/q1lfudwa@oksbi/Airtel
01/04/2022,,4168.27,CR,4903.94,UPI/hko00q6jjz0u@paytm
01/04/2022,,285.38,DR,4618.56,UPI/i5opt8tgwl5b@paytm/P2M/26p8hubi@oksbi/AxisBank
01/04/2022,601384,742.97,DR,3875.59,UPI/di9js3l07v9y@okaxis/P2M/govxmzox@paytm/Airtel
01/04/2022,944952,1203.14,DR,2672.45,UPI/f75srfe3e343@okhdfc/P2M/t17hvma7@oksbi/BigBazaar
31/03/2022,,204.42,DR,2468.03,UPI/0jdx0qpgair0@oksbi/P2M/7ax9lx2g@ptbyl/Chala
31/03/2022,,127.55,DR,2340.48,UPI/npd9y8rmgho5@oksbi/P2M/h0unsjsw@ptbsi/AxisBank
31/03/2022,,108.17,DR,2232.31,UPI/e0uenb4hlyxi@okaxis/P2M/chhslwvu@oksbi/BigBazaar
31/03/2022,,430.23,DR,1802.08,UPI/135k92bg6own@ybl/P2M/2er36ini@ptbsi/BigBazaar
31/03/2022,,618.12,DR,1183.96,UPI/hynmu1d1c8ad@axl/P2M/mjrtlq9j@paytm/Amazon
31/03/2022,,800.57,DR,383.39,UPI/9e8cfjha5eul@ybl/P2M/c990beyp@ptbyl/Paytm
30/03/2022,,2837.72,CR,3221.11,UPI/a2xjto9qy6gh@okhdfc
30/03/2022,758139,1222.36,DR,1998.75,UPI/mv5uxjtw6xb3@axl/P2M/n7lf7dl8@ptbyl/Amazon
30/03/2022,,949.27,DR,1049.48,UPI/xf2kds1c4n22@paytm/P2M/zt9q93at@paytm/Paytm
30/03/2022,934852,1300.78,CR,2350.26,UPI/51ops1up2io9@oksbi
30/03/2022,390529,1140.67,DR,1209.59,UPI/35w8ogmevd9y@axl/P2M/ykylgefu@ptbsi/BigBazaar
30/03/2022,,1187.54,DR,22.05,UPI/f379k432tipy@oksbi/P2M/5pgde9m0@paytm/Airtel
30/03/2022,,12.87,DR,9.18,UPI/004vscmhd3ur@ybl/P2M/o353e6gk@oksbi/Edara
29/03/2022,,1674.85,CR,1684.03,UPI/wg4f8hhm53mn@ybl
29/03/2022,,379.55,DR,1304.48,UPI/j2p6k8a196cr@okhdfc/P2M/7zcrgset@ptbyl/BigBazaar
29/03/2022,,613.15,DR,691.33,UPI/mwvl1lrcq392@ybl/P2M/jjuzo9ko@ptbyl/VENNA
29/03/2022,152913,501.97,DR,189.36,UPI/2bc68xylsxur@axl/P2M/dwh7844m@ptbsi/Airtel
29/03/2022,,1099.22,CR,1288.58,UPI/7d8wze026tlu@axl
29/03/2022,,861.71,DR,426.87,UPI/4b7ikzj3zcjj@okhdfc/P2M/6fey92ab@oksbi/Flipkart
29/03/2022,880016,1303.21,CR,1730.08,UPI/zppl8xf3p6gx@oksbi
28/03/2022,788543,1324.31,DR,405.77,UPI/bzagf4i84hcu@okaxis/P2M/3kht3awv@ptbsi/Chala
28/03/2022,,3121.42,CR,3527.19,UPI/r4puftkqrj3s@ybl
28/03/2022,,738.99,DR,2788.2,UPI/gyu62tulcqvx@paytm/P2M/utu73k1y@ptbyl/Flipkart
28/03/2022,828387,240.54,DR,2547.66,UPI/redy8f1bwdmq@ybl/P2M/hvmrt6c4@ptbyl/Chala
28/03/2022,901971,715.45,DR,1832.21,UPI/z6csd4cnbqiu@okhdfc/P2M/ahroiveu@ptbsi/Amazon
28/03/2022,801551,2107.98,CR,3940.19,UPI/vzoso83dpxk8@okaxis
28/03/2022,275449,560.91,DR,3379.28,UPI/3e7q329ph0so@okaxis/P2M/jn0nok82@paytm/BigBazaar
28/03/2022,,764.79,DR,2614.49,UPI/p4cpq57jbawc@axl/P2M/mcf5w5za@ptbsi/Airtel
28/03/2022,,725.31,DR,1889.18,UPI/9qwv7schzxl5@ybl/P2M/1ndb5ech@oksbi/Amazon
28/03/2022,717679,548.53,DR,1340.65,UPI/7audkjwshy1l@okhdfc/P2M/ld4e4ms7@oksbi/BigBazaar
28/03/2022,,696.19,DR,644.46,UPI/ojv8n1osq6sf@axl/P2M/x6cz1m0r@oksbi/Paytm
27/03/2022,,4292.34,CR,4936.8,UPI/wso4p9qi9hsp@okaxis
27/03/2022,,1372.96,DR,3563.84,UPI/xch27tkbto3n@oksbi/P2M/bh1bszge@ptbyl/Chala
27/03/2022,,2853.9,CR,6417.74,UPI/bnxqjnb74j85@okaxis
27/03/2022,209870,2244.48,CR,8662.22,UPI/x6fmjw37z1ga@oksbi
27/03/2022,955340,587.97,DR,8074.25,UPI/2qp4szypxxxj@axl/P2M/hbkrzbpx@ptbyl/Edara
27/03/2022,,943.73,DR,7130.52,UPI/go2jzusucoxr@ybl/P2M/4z3vjzrr@oksbi/Airtel
27/03/2022,507196,900.1,DR,6230.42,UPI/u3hdd7kak9he@axl/P2M/lw4n3k8c@paytm/BigBazaar
27/03/2022,,620.44,DR,5609.98,UPI/fe90d68hqmr9@oksbi/P2M/3orj8wjh@oksbi/Airtel
27/03/2022,,1392.56,DR,4217.42,UPI/qferrpiej1ok@paytm/P2M/ciktum7g@ptbsi/Flipkart
27/03/2022,,955.42,DR,3262.0,UPI/115u6cogwywm@paytm/P2M/po1nv68n@paytm/Flipkart
26/03/2022,346807,343.15,DR,2918.85,UPI/5w0xhj42skgv@paytm/P2M/m664ourg@paytm/Amazon
26/03/2022,,134.42,DR,2784.43,UPI/ovvs4p89s1a5@okhdfc/P2M/dn1myko4@oksbi/Flipkart
26/03/2022,946972,252.69,DR,2531.74,UPI/v4awwzgrr4fy@axl/P2M/gdyz68ip@ptbsi/BigBazaar
26/03/2022,,24.38,DR,2507.36,UPI/1b1iiz9cdxpo@okaxis/P2M/sj6c72o2@ptbsi/VENNA
26/03/2022,,1398.98,DR,1108.38,UPI/7k2p1gqhj16j@axl/P2M/up815ql5@oksbi/AxisBank
26/03/2022,,155.7,DR,952.68,UPI/m00t9b59avt2@ybl/P2M/9x7b8ofn@ptbyl/AxisBank
26/03/2022,861314,744.72,DR,207.96,UPI/6y6311bmydfg@paytm/P2M/53j72dnu@paytm/Airtel
26/03/2022,,128.0,DR,79.96,UPI/fz8n5ytqs8h2@okaxis/P2M/pojeqdf3@paytm/Amazon
25/03/2022,,4675.41,CR,4755.37,UPI/5upkhdybx45j@ybl
25/03/2022,401847,3365.73,CR,8121.1,UPI/uhmze63kc9tf@okhdfc
25/03/2022,793772,358.96,DR,7762.14,UPI/3lc5zhkp2sir@paytm/P2M/chi2a57s@oksbi/Chala
25/03/2022,,847.94,DR,6914.2,UPI/5mpw80iuv8ko@oksbi/P2M/gtltgwmk@ptbyl/Edara
25/03/2022,,697.86,DR,6216.34,UPI/zwm6bzp17s97@ybl/P2M/msr6xml4@paytm/AxisBank
25/03/2022,,744.61,CR,6960.95,UPI/qu61qxoe5fxe@paytm
25/03/2022,177684,278.29,DR,6682.66,UPI/bzch7yregl25@ybl/P2M/6i3boc0h@ptbsi/Edara
25/03/2022,,1432.41,DR,5250.25,UPI/jyvbs77qjbm5@okhdfc/P2M/7gnbubsw@ptbyl/Flipkart
25/03/2022,,1354.17,DR,3896.08,UPI/f5j70sr6d6ge@oksbi/P2M/mudmrh2b@oksbi/VENNA
25/03/2022,887779,1451.6,DR,2444.48,UPI/nqpv88tug44v@paytm/P2M/t4e2qiyx@ptbsi/Flipkart
24/03/2022,,1460.89,DR,983.59,UPI/7ldgptqzrkip@okhdfc/P2M/koeu083m@paytm/Amazon
24/03/2022,571747,638.61,CR,1622.2,UPI/tqdbfjainujt@axl
24/03/2022,924876,273.92,DR,1348.28,UPI/yhi793asy5ig@axl/P2M/y6ehz3m9@ptbsi/AxisBank
24/03/2022,,173.3,DR,1174.98,UPI/y7y6hu006zyy@paytm/P2M/8tath583@paytm/Airtel
24/03/2022,,513.77,DR,661.21,UPI/9mz98u3kzbi5@axl/P2M/txb3trdb@paytm/BigBazaar
24/03/2022,,320.82,DR,340.39,UPI/3c6yswqoq1io@okhdfc/P2M/6kn2m702@ptbyl/AxisBank
24/03/2022,330262,238.19,DR,102.2,UPI/ffa0363ssz20@ybl/P2M/kgtp1k6a@ptbyl/Flipkart
23/03/2022,,3306.24,CR,3408.44,UPI/uid58pyvb5iu@oksbi
23/03/2022,639216,646.73,DR,2761.71,UPI/x3f4dw9bhf78@axl/P2M/sa4q3rwv@ptbsi/Paytm
23/03/2022,426422,476.22,DR,2285.49,UPI/eah64vvrc706@ybl/P2M/pk7jducr@ptbsi/Airtel
23/03/2022,629831,1394.62,DR,890.87,UPI/l42o5p7x2n1d@oksbi/P2M/kdnszqqs@ptbyl/Flipkart
23/03/2022,987212,52.02,DR,838.85,UPI/jw8cxfutmm5a@axl/P2M/4o5f3tc8@paytm/Airtel
23/03/2022,,315.1,DR,523.75,UPI/18i6ing52s3e@okhdfc/P2M/v0gpnyq7@oksbi/Paytm
23/03/2022,,216.8,DR,306.95,UPI/y32pj7s0054m@ybl/P2M/5nu2waqi@oksbi/BigBazaar
22/03/2022,413810,242.44,DR,64.51,UPI/1hbis5i7g2sk@oksbi/P2M/n5908yar@oksbi/Airtel
22/03/2022,,1091.88,CR,1156.39,UPI/wtvk17xfx7ag@oksbi
22/03/2022,749409,219.52,DR,936.87,UPI/fu6f0imzx0nz@axl/P2M/4cugxoin@paytm/Flipkart
22/03/2022,,2672.96,CR,3609.83,UPI/n9zpq403mm8n@okaxis
22/03/2022,438551,1479.78,DR,2130.05,UPI/dc09igri3tg9@oksbi/P2M/lc9k5bbc@ptbsi/Amazon
22/03/2022,754669,2590.18,CR,4720.23,UPI/ys3chvxv8c6t@ybl
22/03/2022,144094,1142.52,DR,3577.71,UPI/50qgp7w39td4@ybl/P2M/2p93hmiq@ptbsi/Chala
21/03/2022,,141.8,DR,3435.91,UPI/8l4ffek8ci9z@axl/P2M/5jk7aa5c@ptbsi/Amazon
21/03/2022,144487,41.38,DR,3394.53,UPI/6thm6dwzzgw4@ybl/P2M/kt969zab@ptbyl/Airtel
21/03/2022,,136.91,DR,3257.62,UPI/v7mgaz2bi1nl@paytm/P2M/rn3y2ab8@paytm/Airtel
21/03/2022,,1034.02,DR,2223.6,UPI/58bva8pwbf6m@axl/P2M/hvuuvc58@paytm/Amazon
21/03/2022,,644.86,DR,1578.74,UPI/mdzwvhem4h75@paytm/P2M/n499qlfi@ptbyl/AxisBank
21/03/2022,,337.56,DR,1241.18,UPI/ebor4pqp736n@axl/P2M/awgqmkoq@paytm/VENNA
21/03/2022,,4470.45,CR,5711.63,UPI/uejnlqfdcna3@paytm
21/03/2022,,219.82,DR,5491.81,UPI/npfxo6t5md6a@okhdfc/P2M/7pix22bz@ptbsi/Paytm
21/03/2022,,555.54,DR,4936.27,UPI/i8u09eing57e@axl/P2M/6lrwudd3@ptbyl/Airtel
21/03/2022,,208.0,DR,4728.27,UPI/kwrwjmn6r6gr@paytm/P2M/1q1qit9o@oksbi/Paytm
20/03/2022,,3016.6,CR,7744.87,UPI/zsr97ylfovri@oksbi
20/03/2022,,79.52,DR,7665.35,UPI/hfjrqc1qqoso@paytm/P2M/nmwar3wx@oksbi/AxisBank
20/03/2022,,1764.41,CR,9429.76,UPI/h3xkc0qv3ll3@paytm
20/03/2022,,1403.27,CR,10833.03,UPI/paaruluur7uj@oksbi
20/03/2022,627002,550.28,DR,10282.75,UPI/ahofuk472fe2@oksbi/P2M/p3zpxi0d@ptbyl/Airtel
20/03/2022,478955,979.43,DR,9303.32,UPI/0a2r0g7op4x2@okaxis/P2M/97u32ici@paytm/VENNA
20/03/2022,403872,1127.1,DR,8176.22,UPI/7xxin411t5kk@okhdfc/P2M/cyfvlne8@ptbsi/Airtel
20/03/2022,,644.12,DR,7532.1,UPI/p37pjbv73kbh@okhdfc/P2M/mr8cly8z@ptbyl/BigBazaar
20/03/2022,645976,1343.05,CR,8875.15,UPI/qsebdio6lokw@oksbi
20/03/2022,,846.12,DR,8029.03,UPI/sa7oxdlqfri9@okaxis/P2M/1s436edj@ptbsi/Paytm
20/03/2022,,1090.12,DR,6938.91,UPI/aluz6bgj4jdz@axl/P2M/wo4cb5mm@ptbsi/Flipkart
20/03/2022,555933,296.55,DR,6642.36,UPI/tdui457502bp@paytm/P2M/wv6u1okk@paytm/Amazon
19/03/2022,782479,279.12,DR,6363.24,UPI/dn5rw2slblr8@oksbi/P2M/swjsl74z@ptbsi/AxisBank
19/03/2022,719324,597.2,DR,5766.04,UPI/5haf65xaulds@okhdfc/P2M/0ovbns6i@paytm/VENNA
19/03/2022,,4019.59,CR,9785.63,UPI/8j92eu1qoph8@axl
19/03/2022,747292,532.38,DR,9253.25,UPI/78t0y4rfoazv@okaxis/P2M/1x51ii42@ptbyl/Edara
19/03/2022,455051,265.48,DR,8987.77,UPI/ssw3qgl0ezgt@okaxis/P2M/paagpyd9@paytm/AxisBank
19/03/2022,,1468.49,DR,7519.28,UPI/1qq5zfy690jz@oksbi/P2M/7rk6n0bk@ptbyl/Amazon
19/03/2022,,96.32,DR,7422.96,UPI/qfidjepkyv2d@paytm/P2M/vcutuy8c@oksbi/Flipkart
19/03/2022,,959.78,DR,6463.18,UPI/xyaugs5c4xw1@axl/P2M/oumfg1an@paytm/VENNA
19/03/2022,,802.33,DR,5660.85,UPI/0vb20rt4x64z@axl/P2M/ixyc8rf4@ptbyl/Chala
19/03/2022,571562,211.18,DR,5449.67,UPI/aeepxa6q6ier@okaxis/P2M/wdlt9902@paytm/Amazon
19/03/2022,,1291.9,DR,4157.77,UPI/hh8jtjef9o1l@ybl/P2M/x1xpz6e7@paytm/Amazon
19/03/2022,,71.3,DR,4086.47,UPI/u3qiszu2y14v@oksbi/P2M/y3pyxizi@oksbi/Amazon
18/03/2022,,281.08,DR,3805.39,UPI/jhvzfm538dxu@axl/P2M/d64exj79@paytm/Edara
18/03/2022,,1395.65,DR,2409.74,UPI/7yztaw5rtc38@oksbi/P2M/iz5tp6iu@paytm/Chala
18/03/2022,,140.61,DR,2269.13,UPI/xw6gnbpr7gtq@okhdfc/P2M/5tukb87w@ptbyl/VENNA
18/03/2022,,371.37,DR,1897.76,UPI/phcue2kl5rx3@okhdfc/P2M/ibowyuim@paytm/Airtel
18/03/2022,,566.94,DR,1330.82,UPI/5zn7pk894r1x@axl/P2M/hzs0he0i@oksbi/Edara
18/03/2022,347162,3269.54,CR,4600.36,UPI/gnnbudy22x3b@okaxis
18/03/2022,,126.75,DR,4473.61,UPI/snklq24qrmxe@axl/P2M/a3ysi3re@oksbi/Flipkart
18/03/2022,505820,2507.09,CR,6980.7,UPI/lyyt29711uk5@oksbi
18/03/2022,,3685.57,CR,10666.27,UPI/6wbtj4lr4apu@paytm
18/03/2022,595602,760.6,DR,9905.67,UPI/ojofh0wd4qg4@axl/P2M/7zlsowvw@ptbyl/Amazon
18/03/2022,410759,472.66,DR,9433.01,UPI/oqq971ziafmf@axl/P2M/bjv0iere@ptbyl/VENNA
18/03/2022,,287.54,DR,9145.47,UPI/3oaad7fv3d64@oksbi/P2M/m9hzo97g@paytm/Airtel
17/03/2022,514724,675.36,DR,8470.11,UPI/gu7ppwsg8aj7@okhdfc/P2M/389akn3f@oksbi/VENNA
17/03/2022,,121.07,DR,8349.04,UPI/ki4smtq1gbbw@paytm/P2M/ozn489cj@ptbsi/BigBazaar
17/03/2022,,484.92,DR,7864.12,UPI/1jwr9266kgm4@okaxis/P2M/vugtk56e@paytm/Paytm
17/03/2022,387809,4759.14,CR,12623.26,UPI/hasm9mwfie1u@oksbi
17/03/2022,,452.12,DR,12171.14,UPI/ogu824yjolvf@ybl/P2M/a2bhzv96@paytm/Flipkart
17/03/2022,,502.37,DR,11668.77,UPI/4xzyrpz2gqhd@okhdfc/P2M/2j2msxv5@oksbi/Amazon
17/03/2022,,336.17,DR,11332.6,UPI/505pqg54w0kp@ybl/P2M/2znb6go8@ptbsi/Flipkart
17/03/2022,,1219.73,DR,10112.87,UPI/5lke9h6d726n@oksbi/P2M/nggjb2vq@oksbi/VENNA
17/03/2022,,1150.11,DR,8962.76,UPI/fwh3j2yicalf@ybl/P2M/cpak06hp@paytm/Chala
17/03/2022,,1035.49,DR,7927.27,UPI/huibda87gcyc@oksbi/P2M/zbay1god@ptbyl/VENNA
17/03/2022,111515,1215.55,DR,6711.72,UPI/m6vvbpoyda6a@ybl/P2M/6h18n1cb@ptbsi/AxisBank
17/03/2022,347827,474.7,DR,6237.02,UPI/2kwmldv62kkl@okhdfc/P2M/u9svql9r@paytm/AxisBank
16/03/2022,471546,1307.51,DR,4929.51,UPI/qdlkh01szxit@axl/P2M/h8ttp3t3@ptbyl/Edara
16/03/2022,201804,588.07,DR,4341.44,UPI/zf9ry5a74jle@okhdfc/P2M/bhn4eai4@ptbyl/Chala
16/03/2022,498209,200.3,DR,4141.14,UPI/ru3hgau92l4d@okhdfc/P2M/87vcgc46@ptbyl/Flipkart
16/03/2022,,1424.98,CR,5566.12,UPI/l3dps8z7hmdm@oksbi
16/03/2022,,1347.72,CR,6913.84,UPI/d2azkgx8q3hh@ybl
16/03/2022,,1380.57,DR,5533.27,UPI/ql86jvmy5che@okaxis/P2M/ss83f216@ptbyl/Edara
16/03/2022,,1070.2,DR,4463.07,UPI/bjh31yd9yfx7@okaxis/P2M/49u5y3dd@paytm/BigBazaar
16/03/2022,927891,1478.66,DR,2984.41,UPI/z9e2uh20dhfc@okhdfc/P2M/2m8puo9s@oksbi/Flipkart
16/03/2022,,377.33,DR,2607.08,UPI/05x8iow4fa3x@okaxis/P2M/1fvna1lr@oksbi/Amazon
16/03/2022,,898.02,DR,1709.06,UPI/qdsaigxmwp3p@paytm/P2M/z95fgosk@paytm/Airtel
16/03/2022,656729,1409.27,DR,299.79,UPI/r68qjnpbltcj@okaxis/P2M/nbxcqfni@paytm/AxisBank
15/03/2022,756454,1859.14,CR,2158.93,UPI/b0y6yd0al4sq@ybl
15/03/2022,,982.88,DR,1176.05,UPI/r3mwash2kh86@ybl/P2M/fnokelyj@paytm/Amazon
15/03/2022,158395,1112.72,CR,2288.77,UPI/xyialmv6twvr@okaxis
15/03/2022,,1044.91,DR,1243.86,UPI/ghssjp82q7ia@okhdfc/P2M/mben4ddr@oksbi/Edara
15/03/2022,,709.91,DR,533.95,UPI/bh5pq41mgh1s@paytm/P2M/egzxxakl@ptbsi/Edara
15/03/2022,,307.98,DR,225.97,UPI/0ahj7szvn0h6@paytm/P2M/t50u9ilq@paytm/Paytm
14/03/2022,,160.36,CR,386.33,UPI/gmy9i8n5u3cc@okaxis
14/03/2022,539811,153.34,DR,232.99,UPI/y8vze2ycoc18@okaxis/P2M/dhs8jsnc@paytm/Paytm
13/03/2022,,208.0,DR,24.99,UPI/q284p4tifg1y@okhdfc/P2M/73u661c9@oksbi/Paytm
13/03/2022,,1369.2,CR,1394.19,UPI/mwshyiu0r7tq@oksbi
13/03/2022,283688,1336.02,DR,58.17,UPI/h2bgpm999nk7@paytm/P2M/wg6ul989@paytm/Airtel
13/03/2022,,4777.64,CR,4835.81,UPI/7n4oe0b4guhn@axl
13/03/2022,556152,2672.98,CR,7508.79,UPI/mb6cv3c4nbpl@paytm
13/03/2022,,1199.44,DR,6309.35,UPI/qyt1c2r476wv@okaxis/P2M/hxvunr48@oksbi/VENNA
13/03/2022,188156,1389.84,DR,4919.51,UPI/wah7syd47zx9@okhdfc/P2M/8ctpqiz1@oksbi/Flipkart
13/03/2022,,1173.68,DR,3745.83,UPI/c1ox71vxx3a8@ybl/P2M/d6m3hgxo@paytm/VENNA
12/03/2022,,787.32,DR,2958.51,UPI/c4cqawi5lrps@okhdfc/P2M/yi4dm4l2@oksbi/Flipkart
12/03/2022,834454,1420.85,DR,1537.66,UPI/k7wmbi5ymxuw@okaxis/P2M/z2y9kyws@ptbyl/Edara
12/03/2022,550932,1092.22,DR,445.44,UPI/pqe6qhgu459d@okaxis/P2M/90egjygs@paytm/BigBazaar
12/03/2022,,3176.49,CR,3621.93,UPI/m3ssgrqjynjo@oksbi
12/03/2022,305060,935.53,DR,2686.4,UPI/talknm64o3c9@okhdfc/P2M/kjj4w7in@oksbi/Chala
12/03/2022,,406.87,DR,2279.53,UPI/ip2pj2jwm6c0@okhdfc/P2M/8qis8kbg@ptbyl/Edara
12/03/2022,,4620.52,CR,6900.05,UPI/sushzud7psxb@ybl
12/03/2022,,657.01,DR,6243.04,UPI/ezvrzwtoelyl@paytm/P2M/b9r397kf@paytm/BigBazaar
12/03/2022,,507.15,DR,5735.89,UPI/1qevt9wyx90l@oksbi/P2M/5u2twish@ptbyl/Chala
12/03/2022,,1383.43,DR,4352.46,UPI/2q8bm92su52d@ybl/P2M/luf44dia@ptbyl/Paytm
12/03/2022,627201,4886.89,CR,9239.35,UPI/15pgezgb7c28@oksbi
12/03/2022,,107.3,DR,9132.05,UPI/sutlun13wimy@axl/P2M/949a2rn6@ptbyl/VENNA
11/03/2022,578955,712.4,DR,8419.65,UPI/q8ubzh76c0m9@paytm/P2M/9i3xzjcf@ptbsi/VENNA
11/03/2022,,574.76,DR,7844.89,UPI/f8r4u9jiswy1@paytm/P2M/bffj6xfy@oksbi/Edara
11/03/2022,,1388.99,DR,6455.9,UPI/4i261h2ibgwq@ybl/P2M/rm5cf69a@ptbsi/Amazon
11/03/2022,361576,1129.23,DR,5326.67,UPI/wz34i8nuv7tv@oksbi/P2M/fjfcmw5y@oksbi/Paytm
11/03/2022,,1063.11,DR,4263.56,UPI/d5lcimbdwrmo@okaxis/P2M/9ovro4yd@oksbi/Chala
11/03/2022,266842,148.43,DR,4115.13,UPI/318kp4h17d4k@paytm/P2M/bgq7l86e@ptbyl/Flipkart
11/03/2022,,66.71,DR,4048.42,UPI/1wzoe07zgsyy@oksbi/P2M/drn6vw4c@ptbsi/AxisBank
11/03/2022,,99.18,DR,3949.24,UPI/3ackcanoqs5s@paytm/P2M/onc4naxl@oksbi/Airtel
11/03/2022,626634,904.94,DR,3044.3,UPI/sr7u1sdbiapo@oksbi/P2M/lfa9vn77@ptbyl/Chala
11/03/2022,924738,103.01,DR,2941.29,UPI/8q9drhzdld4o@ybl/P2M/smypyh9o@oksbi/Amazon
11/03/2022,,1472.71,DR,1468.58,UPI/7nx4tw9723u5@paytm/P2M/t00nktfy@ptbsi/BigBazaar
11/03/2022,716486,4236.65,CR,5705.23,UPI/ylisf0n68k2u@paytm
10/03/2022,,620.89,DR,5084.34,UPI/d5pmvpwfr6j8@oksbi/P2M/8588copi@paytm/Amazon
10/03/2022,,1455.16,DR,3629.18,UPI/q0hio98ebswk@ybl/P2M/d0bl24xs@paytm/VENNA
10/03/2022,607008,573.86,DR,3055.32,UPI/cf9no30cvf1a@paytm/P2M/li5ecood@paytm/Airtel
10/03/2022,,437.65,DR,2617.67,UPI/fyebq6iwhhie@paytm/P2M/ks332l2g@ptbsi/VENNA
10/03/2022,834675,446.34,DR,2171.33,UPI/gwsz08biu766@paytm/P2M/5dkykoyd@paytm/Flipkart
10/03/2022,,434.73,DR,1736.6,UPI/bxngtalppn1y@paytm/P2M/uxdtiusi@paytm/AxisBank
10/03/2022,728352,1026.58,DR,710.02,UPI/e2892lb8c48y@axl/P2M/uppthly1@ptbyl/Paytm
10/03/2022,460873,79.82,DR,630.2,UPI/f9dwxuof7ix7@okaxis/P2M/b09kp2km@ptbyl/Edara
10/03/2022,415140,368.7,DR,261.5,UPI/3h8cmiys8iae@okaxis/P2M/j3whvq1h@ptbsi/Flipkart
09/03/2022,,2425.74,CR,2687.24,UPI/avfylayulpsw@ybl
09/03/2022,633857,1318.6,DR,1368.64,UPI/r08ckfymh87k@axl/P2M/u26li7n2@ptbsi/Amazon
09/03/2022,,814.78,DR,553.86,UPI/u3v6fvi9tueg@axl/P2M/jt9xpc8h@paytm/AxisBank
09/03/2022,,957.13,CR,1510.99,UPI/yh291odzi6rq@okaxis
09/03/2022,,184.06,DR,1326.93,UPI/1q1a3fi3knez@ybl/P2M/y4spwtp6@ptbsi/BigBazaar
09/03/2022,,651.34,DR,675.59,UPI/594kfy950979@okaxis/P2M/8mikjpvr@ptbsi/Flipkart
09/03/2022,367001,371.34,DR,304.25,UPI/x1qq7fyl7o70@axl/P2M/axxg9izj@oksbi/Paytm
08/03/2022,821127,272.02,DR,32.23,UPI/9tfspvpl3kof@ybl/P2M/79dwjcjz@ptbyl/Amazon
08/03/2022,,4109.45,CR,4141.68,UPI/wwvplhblmwco@okaxis
08/03/2022,,1149.5,DR,2992.18,UPI/tdoos6c9k7gf@okaxis/P2M/t50atkpa@paytm/Amazon
08/03/2022,,304.53,DR,2687.65,UPI/2qvo863icfjr@okaxis/P2M/kn2n1zr9@ptbsi/Flipkart
08/03/2022,323013,1498.42,DR,1189.23,UPI/83innqy35ys5@paytm/P2M/xlsi6p3s@ptbyl/Airtel
08/03/2022,,824.63,DR,364.6,UPI/gidl7iuhsjls@okhdfc/P2M/wp8kznku@oksbi/AxisBank
08/03/2022,,2269.72,CR,2634.32,UPI/2w9yw4micygn@okhdfc
07/03/2022,,301.94,DR,2332.38,UPI/1h6vn7av2nfb@ybl/P2M/iqhi01s3@ptbyl/AxisBank
07/03/2022,333764,888.47,DR,1443.91,UPI/4w34xlhadcj6@okaxis/P2M/9imuwiux@ptbyl/Chala
07/03/2022,,1285.32,DR,158.59,UPI/9h4pggozj6w0@ybl/P2M/4flnz14l@ptbsi/Flipkart
07/03/2022,,141.83,DR,16.76,UPI/71705p9nmx7n@paytm/P2M/gpww7l3d@ptbyl/Flipkart
06/03/2022,,3570.05,CR,3586.81,UPI/ob8597tfed11@okaxis
06/03/2022,,1013.49,DR,2573.32,UPI/5qkq0lh5fkx2@axl/P2M/pob4yrfg@ptbsi/Amazon
06/03/2022,,44.69,DR,2528.63,UPI/25iudqo6paph@paytm/P2M/4peslh5p@paytm/Amazon
06/03/2022,,686.34,CR,3214.97,UPI/wnpdncynf3ho@oksbi
06/03/2022,,979.68,DR,2235.29,UPI/qdm3f2kpb283@oksbi/P2M/yfmffojy@ptbyl/Edara
06/03/2022,801606,837.54,DR,1397.75,UPI/02g87ci0u8cx@paytm/P2M/7sx8std3@paytm/Amazon
06/03/2022,,734.97,DR,662.78,UPI/1tbbga17w1ks@axl/P2M/4o08zky8@ptbyl/AxisBank
06/03/2022,,421.89,DR,240.89,UPI/dw1pd53i2ahh@oksbi/P2M/00exw6lc@ptbyl/Chala
05/03/2022,,141.61,DR,99.28,UPI/8yvzbxu0b1ds@oksbi/P2M/0hxx40bq@oksbi/Airtel
04/03/2022,,4605.06,CR,4704.34,UPI/ifk9rucpec2w@okaxis
04/03/2022,512760,663.89,DR,4040.45,UPI/hx5huwgqp9b5@paytm/P2M/rdenedmr@oksbi/Flipkart
04/03/2022,358276,1462.29,DR,2578.16,UPI/fzvggcbsne9d@axl/P2M/k93aqz6y@oksbi/Airtel
04/03/2022,,4112.57,CR,6690.73,UPI/21e67v67pfg9@okaxis
04/03/2022,,1358.88,DR,5331.85,UPI/ba2sgqmiqr2f@ybl/P2M/crnmgn9t@paytm/Paytm
03/03/2022,,1123.59,DR,4208.26,UPI/jbplmvumr498@okaxis/P2M/kqkcfjle@ptbsi/Paytm
03/03/2022,,1186.04,DR,3022.22,UPI/j2zwvwuy4fes@paytm/P2M/ztf75k1k@oksbi/AxisBank
03/03/2022,,396.58,DR,2625.64,UPI/7regp4lomlq3@axl/P2M/7s9wl7jz@ptbsi/VENNA
03/03/2022,,588.62,DR,2037.02,UPI/d0qid658wdg8@okaxis/P2M/wi4y4xfh@ptbyl/Amazon
03/03/2022,367517,221.57,DR,1815.45,UPI/2iqlvc0ud3bm@paytm/P2M/hupwadxy@ptbsi/Chala
03/03/2022,982846,1341.02,DR,474.43,UPI/jmd20yrp03t3@okaxis/P2M/jvwjh7g7@oksbi/Amazon
03/03/2022,233141,43.43,DR,431.0,UPI/yzz1sn3nsekk@oksbi/P2M/ia6qnls1@ptbyl/Amazon
03/03/2022,,2775.0,CR,3206.0,UPI/e2n5sddd92ww@oksbi
03/03/2022,,620.03,DR,2585.97,UPI/pml69ayx3p5t@paytm/P2M/gfz419jt@ptbyl/Paytm
03/03/2022,498430,1255.29,DR,1330.68,UPI/p899h3q8d5fm@ybl/P2M/606leexq@oksbi/Amazon
03/03/2022,527662,168.96,DR,1161.72,UPI/0xpkywt4kfho@paytm/P2M/cttd5j7b@paytm/Chala
02/03/2022,,1107.51,DR,54.21,UPI/zqzxbqtt0xdz@okhdfc/P2M/v2ivnq3i@ptbsi/Chala
02/03/2022,,1105.46,CR,1159.67,UPI/usjgz0ka5c3e@paytm
02/03/2022,,274.14,DR,885.53,UPI/xswpyaw2il90@oksbi/P2M/m9yekxw3@ptbyl/Airtel
02/03/2022,385276,124.6,DR,760.93,UPI/ty9gwoc6cqkf@oksbi/P2M/0ttjxbrv@oksbi/Amazon
02/03/2022,919691,173.39,DR,587.54,UPI/eklwm49za7gu@oksbi/P2M/o28i7913@ptbsi/Amazon
02/03/2022,321962,506.56,DR,80.98,UPI/5uu2jr3bcda5@paytm/P2M/ywi323qv@ptbyl/Paytm
02/03/2022,,2992.92,CR,3073.9,UPI/pkaoleq8p3g2@oksbi
02/03/2022,861053,1494.92,DR,1578.98,UPI/192l47xyrmb3@okhdfc/P2M/ykkqd51d@ptbyl/Paytm
02/03/2022,,774.97,DR,804.01,UPI/2merhgbhi28c@okaxis/P2M/je2p1e3l@ptbyl/Chala
02/03/2022,284548,235.34,DR,568.67,UPI/bcpiibf1rr54@okhdfc/P2M/hx3ytpu5@oksbi/VENNA
01/03/2022,731028,522.02,DR,46.65,UPI/46jdnlj6q2tp@okaxis/P2M/5uo9yt0r@paytm/BigBazaar
01/03/2022,509138,4593.12,CR,4639.77,UPI/q8ootzk5zvg6@oksbi
01/03/2022,737845,279.02,DR,4360.75,UPI/rxkqzmn13aht@paytm/P2M/hn21ttt0@paytm/Airtel
01/03/2022,,587.24,DR,3773.51,UPI/pj9kypm7a760@okhdfc/P2M/69jw5zml@ptbyl/Airtel
01/03/2022,194329,1324.78,DR,2448.73,UPI/s150us8t62yj@ybl/P2M/b1vgz04p@ptbyl/Paytm
01/03/2022,,130.08,DR,2318.65,UPI/29n5l91ddka2@paytm/P2M/t5r7rgsf@oksbi/Chala
01/03/2022,,149.37,DR,2169.28,UPI/vh96zi4x9qwh@paytm/P2M/38listeb@oksbi/Flipkart
