Date,Instrument ID,Amount,Type,Balance,Remarks
30/06/2022,913653,102.41,DR,993.45,UPI/he56gjrfg2c8@paytm/P2M/mmpexcsg@ptbsi/Airtel
30/06/2022,975780,4493.8,CR,5487.25,UPI/6kwrv2zek7wf@ybl
30/06/2022,704798,1128.83,DR,4358.42,UPI/hwd05omhi95u@okaxis/P2M/i1sq6fax@oksbi/Airtel
30/06/2022,383821,99.5,DR,4258.92,UPI/ab9ijlegd9mk@axl/P2M/whx7s4vr@paytm/Paytm
30/06/2022,,1447.12,DR,2811.8,UPI/hxz3vakfumeu@axl/P2M/qsqwzrl8@ptbyl/AxisBank
30/06/2022,,171.9,DR,2639.9,UPI/gwg3xp133ncw@okaxis/P2M/dn0c8tdf@oksbi/Edara
30/06/2022,,977.71,DR,1662.19,UPI/spaltho8mjty@okaxis/P2M/xse9ofkn@ptbyl/BigBazaar
30/06/2022,,877.9,DR,784.29,UPI/2v1vx5vaqjx1@okaxis/P2M/hc479s6y@paytm/Edara
30/06/2022,,551.98,DR,232.31,UPI/43mdusphr3m8@axl/P2M/mvxyg5r2@paytm/Paytm
29/06/2022,374247,1456.87,CR,1689.18,UPI/f9ue6by8h6kg@oksbi
29/06/2022,762394,447.84,DR,1241.34,UPI/l4d9qdv2sx4z@axl/P2M/oqx9113c@ptbsi/Airtel
29/06/2022,178525,142.18,DR,1099.16,UPI/en3x120ayts0@okhdfc/P2M/e7kvdt6c@ptbyl/Paytm
29/06/2022,,261.46,DR,837.7,UPI/vptze940k178@axl/P2M/3hteh90p@ptbsi/Edara
29/06/2022,,3074.82,CR,3912.52,UPI/4fqxkkq6l73y@okaxis
29/06/2022,,419.72,DR,3492.8,UPI/uxpm36v6ni0s@okhdfc/P2M/pvksigcn@ptbyl/BigBazaar
29/06/2022,,305.34,DR,3187.46,UPI/y2abikiqgy51@paytm/P2M/6xtpxezr@ptbsi/VENNA
29/06/2022,,773.28,DR,2414.18,UPI/eh0jry4h99h4@okaxis/P2M/k5dv0lk8@paytm/Paytm
29/06/2022,,1475.1,DR,939.08,UPI/7tl14my7f41a@okaxis/P2M/0clar9xb@oksbi/Airtel
29/06/2022,305801,3062.82,CR,4001.9,UPI/qf5iasfvo79r@axl
29/06/2022,,288.73,DR,3713.17,UPI/t7gbz49fssyk@paytm/P2M/ega3w8si@ptbyl/Flipkart
28/06/2022,,1325.46,DR,2387.71,UPI/pfweb7vnitxe@axl/P2M/cgeks1kz@ptbsi/Flipkart
28/06/2022,490123,351.84,DR,2035.87,UPI/cf8b0d1nynj1@ybl/P2M/anahd8vt@ptbsi/Chala
28/06/2022,,949.59,DR,1086.28,UPI/g5uh0d47d2uk@ybl/P2M/s3g88cbs@oksbi/AxisBank
28/06/2022,709747,348.83,DR,737.45,UPI/s3dhrlnjnms5@paytm/P2M/4a08wgus@oksbi/Flipkart
28/06/2022,,34.68,DR,702.77,UPI/fzmkqnhhch26@oksbi/P2M/ezkk00sg@paytm/VENNA
28/06/2022,,695.85,DR,6.92,UPI/bms50tufgfkk@okhdfc/P2M/o0wtp6yd@ptbyl/Chala
27/06/2022,,1250.95,CR,1257.87,UPI/2f3a5asu1q99@oksbi
27/06/2022,,314.11,DR,943.76,UPI/7z7pb4gmkuea@okaxis/P2M/6ypqbi8b@paytm/Flipkart
27/06/2022,,66.39,DR,877.37,UPI/kv06fyf9ddi4@okaxis/P2M/ruxp4l35@oksbi/VENNA
27/06/2022,,28.88,DR,848.49,UPI/saoy53d3ay03@oksbi/P2M/vj6b9qqg@ptbsi/Airtel
27/06/2022,,535.21,DR,313.28,UPI/259h3wsv1tuv@paytm/P2M/i2dnrh59@paytm/Flipkart
26/06/2022,,230.69,DR,82.59,UPI/dvnjdo7xs1u4@axl/P2M/hlwx6c0i@ptbsi/Amazon
26/06/2022,884637,71.57,DR,11.02,UPI/wb7ja0ybm8i7@oksbi/P2M/vcnbw2s4@paytm/VENNA
25/06/2022,,243.08,CR,254.1,UPI/5s6gt6rqz13c@ybl
25/06/2022,990482,194.94,DR,59.16,UPI/pvvlaufakkc9@oksbi/P2M/mfhtas09@ptbsi/Edara
25/06/2022,,2336.07,CR,2395.23,UPI/i1enqm36zdg7@okaxis
25/06/2022,280894,509.13,DR,1886.1,UPI/c9wvzfmybhql@axl/P2M/ep1jelv2@ptbsi/Amazon
25/06/2022,,1376.42,DR,509.68,UPI/bq3pxnygr77n@okhdfc/P2M/9goqht1b@ptbyl/BigBazaar
25/06/2022,592460,234.53,DR,275.15,UPI/eqnkqhau6vyn@okaxis/P2M/4c0j1wqz@paytm/Flipkart
24/06/2022,,246.07,DR,29.08,UPI/ghpwkplrdvog@okaxis/P2M/xnksi1h5@oksbi/Chala
24/06/2022,,145.97,CR,175.05,UPI/i5i2d8kghth6@okaxis
23/06/2022,686299,153.42,DR,21.63,UPI/72dleyjm4h7k@ybl/P2M/pnhl77ir@oksbi/Edara
23/06/2022,,1970.95,CR,1992.58,UPI/5war9jpm6dnw@paytm
22/06/2022,,3979.04,CR,5971.62,UPI/dvzwsd8dp2eu@oksbi
22/06/2022,,553.82,DR,5417.8,UPI/9abswdnany8e@paytm/P2M/2sig2dsi@ptbsi/Airtel
22/06/2022,,914.47,DR,4503.33,UPI/qypxd6cbqx3e@oksbi/P2M/xm9hh8qm@ptbyl/Paytm
22/06/2022,,639.99,DR,3863.34,UPI/pfxnq2s36ekg@axl/P2M/kxc2zeoc@paytm/BigBazaar
22/06/2022,,55.52,DR,3807.82,UPI/8t155kw7wy21@ybl/P2M/8fhqc5gg@ptbyl/Chala
22/06/2022,,4404.32,CR,8212.14,UPI/nsn6x68gv5gp@okaxis
22/06/2022,,3454.67,CR,11666.81,UPI/cepq1ijhhjx5@oksbi
22/06/2022,,411.61,DR,11255.2,UPI/ma1d2khxo15y@ybl/P2M/3y4fshi2@oksbi/Airtel
22/06/2022,,639.09,DR,10616.11,UPI/ydx5ic9d94p2@axl/P2M/vfgmmni3@ptbyl/AxisBank
22/06/2022,,977.03,DR,9639.08,UPI/d02jl1oroorp@okaxis/P2M/dmf8q410@paytm/Edara
22/06/2022,,254.9,DR,9384.18,UPI/22wfyizv0zwx@okaxis/P2M/ahb8gb5i@oksbi/AxisBank
22/06/2022,,560.75,DR,8823.43,UPI/x67b4amplval@okaxis/P2M/6kfzudxo@oksbi/Edara
22/06/2022,,550.99,DR,8272.44,UPI/cjrb70o3b59v@oksbi/P2M/ikpyk6st@oksbi/Paytm
21/06/2022,452625,1496.0,DR,6776.44,UPI/7c7qaur751bn@ybl/P2M/36ss8rna@paytm/Airtel
21/06/2022,,1103.88,CR,7880.32,UPI/ae6wpl989ivn@okhdfc
21/06/2022,,888.19,DR,6992.13,UPI/b9fsl4nhj2u3@axl/P2M/t2on8sdw@ptbsi/VENNA
21/06/2022,,2360.25,CR,9352.38,UPI/cbs7098ayxoh@paytm
21/06/2022,270917,1676.63,CR,11029.01,UPI/bo6hp9wgoaw0@oksbi
21/06/2022,,1040.57,DR,9988.44,UPI/dnogm0jopxuu@ybl/P2M/2gqhe92p@oksbi/VENNA
21/06/2022,,2678.58,CR,12667.02,UPI/gyb04ksiy8j2@okhdfc
21/06/2022,336945,1443.16,DR,11223.86,UPI/xeo9uo6nxido@okaxis/P2M/q29ayrgm@ptbyl/Flipkart
21/06/2022,785781,1240.84,DR,9983.02,UPI/8kb4kpk2i795@okaxis/P2M/m1abh0lq@paytm/VENNA
21/06/2022,,340.77,DR,9642.25,UPI/nfd7vsft3zrq@axl/P2M/5cub2few@paytm/Edara
21/06/2022,472218,1630.79,CR,11273.04,UPI/oqbzitliet1x@oksbi
21/06/2022,975250,3811.11,CR,15084.15,UPI/5f8d2i89uyzt@paytm
21/06/2022,,861.56,DR,14222.59,UPI/xys27pw5awb2@okhdfc/P2M/4mdinmau@ptbyl/Amazon
20/06/2022,150675,3058.25,CR,17280.84,UPI/s8gjyoiqzvcl@paytm
20/06/2022,,561.36,DR,16719.48,UPI/8wzpzqf4iafh@ybl/P2M/hruagsna@paytm/AxisBank
20/06/2022,,129.48,DR,16590.0,UPI/bv6deiivvyhx@okhdfc/P2M/ch7xe4zd@oksbi/BigBazaar
20/06/2022,569062,1262.99,DR,15327.01,UPI/lh5rreqzzgia@axl/P2M/h2fmhlpt@oksbi/Flipkart
20/06/2022,590323,15.58,DR,15311.43,UPI/ohb04sp9aw1b@oksbi/P2M/2gn0uyne@ptbyl/Edara
20/06/2022,,1087.91,DR,14223.52,UPI/971il41vmyrl@paytm/P2M/q3ze7udq@ptbsi/Airtel
20/06/2022,,1072.19,DR,13151.33,UPI/9x2qmezdmij3@okhdfc/P2M/lizuzk96@oksbi/Edara
20/06/2022,491935,1453.27,CR,14604.6,UPI/w7i2pfb6q96v@ybl
20/06/2022,824632,522.77,DR,14081.83,UPI/ud7g0hk66rpi@oksbi/P2M/0qlm083y@paytm/Airtel
20/06/2022,,1479.33,CR,15561.16,UPI/k58jhi57f52k@ybl
20/06/2022,,1032.85,DR,14528.31,UPI/vxs2ebvx02vh@oksbi/P2M/ehrteats@ptbsi/Chala
20/06/2022,,1401.24,DR,13127.07,UPI/oshii828kcgk@oksbi/P2M/o7vdrqvz@ptbsi/Flipkart
20/06/2022,196466,1090.41,DR,12036.66,UPI/er0b1xz2irq0@axl/P2M/v3tr3mjf@oksbi/Paytm
19/06/2022,488653,831.0,DR,11205.66,UPI/hm9gworq8l0a@okaxis/P2M/bm4h9qis@ptbsi/VENNA
19/06/2022,,37.48,DR,11168.18,UPI/tfpsaspa0gp2@paytm/P2M/8sovxt2p@ptbsi/Amazon
19/06/2022,,257.39,DR,10910.79,UPI/iy3diyff744d@paytm/P2M/6b8id84e@oksbi/Amazon
19/06/2022,,343.21,DR,10567.58,UPI/sauzpof7r44h@axl/P2M/kj89zf1q@oksbi/Airtel
19/06/2022,255109,435.62,DR,10131.96,UPI/olby8smmne86@paytm/P2M/no3lh363@paytm/BigBazaar
19/06/2022,,1163.52,DR,8968.44,UPI/1iqzfcx4v6vh@oksbi/P2M/01vckeda@ptbsi/BigBazaar
19/06/2022,,1372.24,DR,7596.2,UPI/wktd883q7wei@okaxis/P2M/j7hqqox5@paytm/VENNA
19/06/2022,257112,103.45,DR,7492.75,UPI/j7nuq1022dpr@okaxis/P2M/gbeecm4k@ptbyl/Amazon
19/06/2022,,1291.75,DR,6201.0,UPI/wqeew8jhks3b@axl/P2M/f4upv2ny@ptbsi/Edara
19/06/2022,105314,1058.84,DR,5142.16,UPI/tyhyemiut1kt@okhdfc/P2M/02oz5uqi@ptbyl/BigBazaar
19/06/2022,,118.01,DR,5024.15,UPI/ds1bo7ek2jrk@okhdfc/P2M/fit6aay0@ptbyl/Paytm
19/06/2022,,1050.25,DR,3973.9,UPI/fn1zqqlcdv35@okaxis/P2M/1grjl7o2@ptbsi/Amazon
19/06/2022,569096,986.52,DR,2987.38,UPI/x2hrh9oofhnf@axl/P2M/jvv02uhl@paytm/Paytm
18/06/2022,,1453.77,DR,1533.61,UPI/btfg9uuo4mpw@oksbi/P2M/m3s101cl@oksbi/Chala
18/06/2022,,182.81,DR,1350.8,UPI/7rf61hht6hli@axl/P2M/lyanlkjl@ptbyl/Flipkart
18/06/2022,373983,574.29,DR,776.51,UPI/yb1fbxxflqyn@axl/P2M/av37ej6a@ptbsi/AxisBank
18/06/2022,,535.05,DR,241.46,UPI/6bgzidzowels@oksbi/P2M/jbvb5u33@ptbyl/Paytm
18/06/2022,,195.17,DR,46.29,UPI/ql6obi9jq0i0@axl/P2M/v9dez1vo@ptbyl/Airtel
17/06/2022,,3949.01,CR,3995.3,UPI/4a68k4337447@oksbi
17/06/2022,136572,132.78,DR,3862.52,UPI/yk5qpqde2bjf@oksbi/P2M/1eoy2o3p@ptbyl/Amazon
17/06/2022,,281.55,DR,3580.97,UPI/io34q3qztyjt@oksbi/P2M/m6ou3c32@paytm/BigBazaar
17/06/2022,,1699.49,CR,5280.46,UPI/961gzd1e5wzz@axl
17/06/2022,586354,4537.32,CR,9817.78,UPI/0a67gyy10ovr@paytm
17/06/2022,,742.47,DR,9075.31,UPI/63qgtjx2056o@okaxis/P2M/b1qqn2sx@paytm/VENNA
17/06/2022,,3590.01,CR,12665.32,UPI/d19atp3od8dv@okhdfc
17/06/2022,,302.92,DR,12362.4,UPI/wkpbr9881ey6@okhdfc/P2M/t18vytov@ptbyl/Flipkart
16/06/2022,,499.65,DR,11862.75,UPI/dox03cmrkpru@okhdfc/P2M/v3480r31@oksbi/BigBazaar
16/06/2022,,1442.89,DR,10419.86,UPI/bym8bjkxr47j@paytm/P2M/duv9ojbn@oksbi/BigBazaar
16/06/2022,,1265.81,DR,9154.05,UPI/333ewuywmpr6@ybl/P2M/3lp7r56w@ptbyl/AxisBank
16/06/2022,,242.86,DR,8911.19,UPI/4at3hvm67t7r@paytm/P2M/m9eaomve@oksbi/Airtel
16/06/2022,,795.63,DR,8115.56,UPI/1v1poronid72@axl/P2M/p2pz7724@ptbyl/Paytm
16/06/2022,627081,385.78,DR,7729.78,UPI/6wjgbdw8gwap@okaxis/P2M/wlvuzf5w@ptbsi/VENNA
16/06/2022,,216.36,DR,7513.42,UPI/6ul27ncjkftd@axl/P2M/8jp0omx2@oksbi/Edara
16/06/2022,,1313.24,DR,6200.18,UPI/hmenqshux18w@okaxis/P2M/vyhe0x4c@ptbsi/Amazon
16/06/2022,179345,1105.55,DR,5094.63,UPI/jd2587l8whg2@okaxis/P2M/q29kbkux@oksbi/Airtel
16/06/2022,,216.4,DR,4878.23,UPI/a4b81evvrhl6@okaxis/P2M/1h9vk2zf@ptbsi/Amazon
16/06/2022,974542,855.62,CR,5733.85,UPI/exddbs9y21pk@paytm
16/06/2022,156665,1122.51,DR,4611.34,UPI/4k7dwz73xs1h@paytm/P2M/zfmc9816@ptbsi/BigBazaar
16/06/2022,622574,285.52,DR,4325.82,UPI/hfxc2kfcmi9d@okaxis/P2M/elgkk6u0@oksbi/Flipkart
15/06/2022,,909.61,DR,3416.21,UPI/17l50pj321wo@ybl/P2M/93e5o8vk@paytm/BigBazaar
15/06/2022,,1260.04,DR,2156.17,UPI/0zf995ubexb4@oksbi/P2M/cwgc92ou@ptbyl/Airtel
15/06/2022,802820,3304.89,CR,5461.06,UPI/crsmvd1cgfj4@oksbi
15/06/2022,611140,89.72,DR,5371.34,UPI/yw7uue8n7nst@oksbi/P2M/oiovcdxv@ptbsi/AxisBank
15/06/2022,,789.15,DR,4582.19,UPI/m0zsvtlsggzu@okaxis/P2M/5lyk0imr@oksbi/Airtel
15/06/2022,,431.92,DR,4150.27,UPI/e1g0so86ghoo@ybl/P2M/5psj16uq@oksbi/VENNA
15/06/2022,,359.45,DR,3790.82,UPI/ax9n2g3zwrd6@ybl/P2M/sxiy8v68@ptbyl/Flipkart
15/06/2022,150670,3007.74,CR,6798.56,UPI/wi8pa947txy6@ybl
15/06/2022,,39.53,DR,6759.03,UPI/zc3iwmm8w991@ybl/P2M/e8w84179@ptbyl/BigBazaar
15/06/2022,148129,1134.26,DR,5624.77,UPI/ddeqqbp0loki@okhdfc/P2M/v2vi8wl4@oksbi/Chala
15/06/2022,241877,885.88,DR,4738.89,UPI/4vrcokil8jbw@okhdfc/P2M/yx75d3x9@paytm/Flipkart
15/06/2022,,443.26,DR,4295.63,UPI/3pyk6b29u3ru@oksbi/P2M/1ern52i1@ptbsi/Edara
15/06/2022,,3168.89,CR,7464.52,UPI/47x7sco9m1q8@paytm
14/06/2022,,901.25,DR,6563.27,UPI/96xg0ppl1tux@axl/P2M/jpnnokpy@paytm/Paytm
14/06/2022,,4521.36,CR,11084.63,UPI/9dxd8akw4gs0@oksbi
14/06/2022,662509,901.48,DR,10183.15,UPI/ngmsyk6jnf5c@okhdfc/P2M/6nivdyiy@ptbsi/AxisBank
14/06/2022,418313,1447.19,DR,8735.96,UPI/kqkph9kdy4zz@okhdfc/P2M/vma2latb@ptbyl/Amazon
14/06/2022,591446,1027.3,DR,7708.66,UPI/1cx26sox3jhc@okhdfc/P2M/v1d99c3x@paytm/VENNA
14/06/2022,,687.76,DR,7020.9,UPI/tuwi0fyoasnw@okhdfc/P2M/mmk2le5m@ptbsi/BigBazaar
14/06/2022,803355,106.56,DR,6914.34,UPI/m5vz3szmdnsr@okhdfc/P2M/lqvljnsw@ptbyl/Amazon
14/06/2022,,370.38,CR,7284.72,UPI/vwpvm31rbxmt@ybl
14/06/2022,,668.85,DR,6615.87,UPI/qex1wmzqnr52@oksbi/P2M/0xa65n1p@ptbsi/Chala
14/06/2022,916988,1486.49,DR,5129.38,UPI/pnuwa9g0f8ti@paytm/P2M/hajbuv7f@paytm/Amazon
14/06/2022,242558,1008.9,DR,4120.48,UPI/gn1wombbxyjo@paytm/P2M/lw11xd3y@ptbyl/BigBazaar
14/06/2022,598593,597.05,DR,3523.43,UPI/hz9ib68j3dse@okhdfc/P2M/xcb3k39a@ptbyl/Paytm
14/06/2022,,752.2,DR,2771.23,UPI/vocno90y36rx@oksbi/P2M/fcqaw5wh@ptbsi/Flipkart
13/06/2022,746340,1422.23,DR,1349.0,UPI/krqx0l0ty8aa@okhdfc/P2M/vq18jt2m@oksbi/AxisBank
13/06/2022,735483,141.78,DR,1207.22,UPI/rifrv93j8gj2@okaxis/P2M/6qtnfb2p@paytm/Flipkart
13/06/2022,,925.66,DR,281.56,UPI/jurb418hlreq@okhdfc/P2M/m9aj2qyh@ptbsi/Amazon
13/06/2022,894252,192.64,DR,88.92,UPI/y9040kof6pf2@axl/P2M/sf8e6wl8@oksbi/Amazon
12/06/2022,,2430.11,CR,2519.03,UPI/w5pm78w3ojjs@okaxis
12/06/2022,459752,1078.49,CR,3597.52,UPI/red6pq0ctwxi@ybl
12/06/2022,,4676.37,CR,8273.89,UPI/lhbd2xnd8ant@okaxis
12/06/2022,,2233.49,CR,10507.38,UPI/62h6uvvur6yv@oksbi
12/06/2022,491171,176.21,DR,10331.17,UPI/j4fk7omk2zh8@axl/P2M/1asqtnwc@paytm/AxisBank
12/06/2022,,3133.89,CR,13465.06,UPI/f250w2em3ag8@okhdfc
12/06/2022,,1822.67,CR,15287.73,UPI/srzvqje2u8ek@axl
11/06/2022,,579.57,DR,14708.16,UPI/5tud3621qitx@okaxis/P2M/2pm16tzt@paytm/Amazon
11/06/2022,,703.29,DR,14004.87,UPI/grwvmdxv4him@oksbi/P2M/7fac31sr@ptbyl/VENNA
11/06/2022,,4642.21,CR,18647.08,UPI/wrjjqdgqbqwp@okhdfc
11/06/2022,768451,696.79,DR,17950.29,UPI/u5ub0tpnyuei@axl/P2M/rmoj7njk@ptbsi/BigBazaar
11/06/2022,,1189.4,DR,16760.89,UPI/0f6c6ds3u5qd@axl/P2M/wqyew4ca@paytm/VENNA
11/06/2022,457852,1416.37,DR,15344.52,UPI/q3r8euoihokn@oksbi/P2M/iewbjah4@paytm/VENNA
11/06/2022,809724,130.83,DR,15213.69,UPI/e8wfdynouh6e@ybl/P2M/7km00dw1@oksbi/Paytm
11/06/2022,979900,720.79,DR,14492.9,UPI/ftikve2s1w4w@oksbi/P2M/4g04vldj@ptbyl/Amazon
11/06/2022,449950,128.5,CR,14621.4,UPI/79zqpglgz1gs@paytm
11/06/2022,,1458.72,DR,13162.68,UPI/emcnbosn1zkl@ybl/P2M/h74q3kpk@ptbsi/Paytm
11/06/2022,145468,967.48,DR,12195.2,UPI/clc99euvk9l6@ybl/P2M/4jltjdfq@oksbi/Amazon
11/06/2022,,1168.48,DR,11026.72,UPI/9fvesvlmluc7@paytm/P2M/ekder55n@paytm/Chala
11/06/2022,367432,670.06,DR,10356.66,UPI/9two53kn1g7d@okhdfc/P2M/6owr7157@ptbsi/BigBazaar
10/06/2022,,1041.55,DR,9315.11,UPI/4lq69yry73qm@oksbi/P2M/up82jyh0@oksbi/Edara
10/06/2022,136604,816.9,DR,8498.21,UPI/s2waq7e0i5bz@okaxis/P2M/jfz2vlc8@ptbsi/Airtel
10/06/2022,407095,969.31,DR,7528.9,UPI/28tavdj9mnqg@oksbi/P2M/si5qmi14@paytm/BigBazaar
10/06/2022,713567,1495.31,DR,6033.59,UPI/3opo6g9uygd6@axl/P2M/sjtawys0@paytm/BigBazaar
10/06/2022,,229.55,DR,5804.04,UPI/9ho4gs3z5hbm@ybl/P2M/xni2baa4@ptbsi/Edara
10/06/2022,326588,1278.21,DR,4525.83,UPI/yh0dtnns4o9s@oksbi/P2M/kih6kgbe@oksbi/Flipkart
10/06/2022,,78.81,DR,4447.02,UPI/r3x7w8knmhkf@paytm/P2M/kiwbblt1@ptbsi/Edara
10/06/2022,,1742.53,CR,6189.55,UPI/wjiua51v6hhj@okaxis
10/06/2022,,990.02,DR,5199.53,UPI/b0q8587kyxi8@paytm/P2M/9huhxej9@ptbyl/Flipkart
10/06/2022,645148,1012.49,DR,4187.04,UPI/0eqmp2o1q2si@ybl/P2M/y72akzcl@ptbsi/Airtel
10/06/2022,122415,1123.5,DR,3063.54,UPI/py0r83zuftk4@oksbi/P2M/d4b2qpo7@ptbyl/Flipkart
10/06/2022,,93.54,DR,2970.0,UPI/o3tv4hfb7mh9@okhdfc/P2M/axz8wj76@ptbyl/VENNA
10/06/2022,,1429.06,DR,1540.94,UPI/ud7o9rxnvvv1@okhdfc/P2M/duyyiw0s@ptbyl/BigBazaar
09/06/2022,812958,1078.86,CR,2619.8,UPI/ybbm4kuawhhw@ybl
09/06/2022,,591.56,DR,2028.24,UPI/8xq115dovm8u@okaxis/P2M/h3ujtckp@paytm/BigBazaar
09/06/2022,869480,890.22,DR,1138.02,UPI/talfmoco8vfd@axl/P2M/und71cex@ptbsi/Edara
09/06/2022,,1075.71,CR,2213.73,UPI/d0m95f10bjxo@paytm
09/06/2022,,670.98,DR,1542.75,UPI/at0t3ran9ow9@paytm/P2M/5we1557b@paytm/Edara
09/06/2022,,1136.45,DR,406.3,UPI/fa07hzbq3li8@oksbi/P2M/5ghjef3e@ptbsi/Paytm
09/06/2022,,4438.63,CR,4844.93,UPI/35wc8jdltf45@okhdfc
09/06/2022,563502,841.11,DR,4003.82,UPI/92n82owml7in@paytm/P2M/gx7mp1k3@ptbsi/Amazon
08/06/2022,715764,3044.5,CR,7048.32,UPI/shccl8cwux1v@axl
08/06/2022,486522,1265.9,DR,5782.42,UPI/a0jnqx5cgcpo@paytm/P2M/xq1z6oa6@paytm/Paytm
08/06/2022,,356.61,DR,5425.81,UPI/4bfduw9fwpfo@okhdfc/P2M/d9fb1xge@paytm/VENNA
08/06/2022,,101.66,CR,5527.47,UPI/h8vavbdzwsq0@okaxis
08/06/2022,,1122.26,DR,4405.21,UPI/zajueswdcz8d@okaxis/P2M/85j3plbt@oksbi/Amazon
08/06/2022,,647.8,DR,3757.41,UPI/hyc01xsjvml1@ybl/P2M/oclek3go@ptbsi/VENNA
08/06/2022,,1123.8,DR,2633.61,UPI/vux3hp026dp8@okhdfc/P2M/fiyw4uja@ptbsi/Edara
08/06/2022,,4153.92,CR,6787.53,UPI/5lsajfiei8id@okhdfc
08/06/2022,,617.46,DR,6170.07,UPI/2wo09btjojg4@okaxis/P2M/3giewic4@ptbyl/Paytm
08/06/2022,,293.8,DR,5876.27,UPI/ywxekwvol8u0@okhdfc/P2M/tjl0vnry@paytm/Edara
08/06/2022,,294.24,DR,5582.03,UPI/pvouszthywj2@okhdfc/P2M/gitqwu38@ptbsi/AxisBank
08/06/2022,,1364.08,DR,4217.95,UPI/v11fjrbph8nt@okaxis/P2M/2vew8sde@oksbi/Chala
08/06/2022,703458,811.86,DR,3406.09,UPI/yhtzmlgzmchb@oksbi/P2M/19na1h6r@ptbyl/Chala
07/06/2022,799140,235.95,DR,3170.14,UPI/8mkpnyvn01ux@oksbi/P2M/u4ja46q1@oksbi/Airtel
07/06/2022,,634.1,DR,2536.04,UPI/9c69ezya5yyt@axl/P2M/n2zys3ra@ptbsi/Edara
07/06/2022,,1468.63,DR,1067.41,UPI/9xujux9qtpwt@okhdfc/P2M/os890rnx@ptbyl/Chala
07/06/2022,,875.92,DR,191.49,UPI/t62h5yt029eh@axl/P2M/uzz2gi4z@paytm/VENNA
07/06/2022,602779,2140.24,CR,2331.73,UPI/1bf8zym8mj5r@axl
07/06/2022,327352,479.93,DR,1851.8,UPI/5a7ntrazs480@axl/P2M/v5xgrczt@ptbsi/BigBazaar
07/06/2022,,913.48,DR,938.32,UPI/0rn6mdl9yxqp@okaxis/P2M/vr2kn4a0@oksbi/Edara
07/06/2022,924603,788.62,DR,149.7,UPI/7eeaqsa3gbgp@ybl/P2M/qrlehwf0@oksbi/Edara
07/06/2022,,148.17,DR,1.53,UPI/9bpnmw2o3p5o@axl/P2M/esqakk5w@ptbsi/Paytm
06/06/2022,908448,4957.41,CR,4958.94,UPI/zjnz87k5as34@paytm
06/06/2022,585900,189.4,DR,4769.54,UPI/5sql47zfd3wm@oksbi/P2M/dxgt0may@oksbi/BigBazaar
06/06/2022,362437,439.04,DR,4330.5,UPI/zc75q6sax5a8@okhdfc/P2M/qpv2p8bm@ptbyl/VENNA
06/06/2022,,1254.52,DR,3075.98,UPI/z7nh8t5u9g11@okhdfc/P2M/8bm44dt4@paytm/Flipkart
06/06/2022,,698.75,DR,2377.23,UPI/axwna8h90ai4@okhdfc/P2M/3jks8bub@ptbsi/Chala
06/06/2022,,1444.44,DR,932.79,UPI/6lafd6952dtp@ybl/P2M/biqke76b@oksbi/Edara
06/06/2022,890980,495.83,DR,436.96,UPI/3lu0bj8tg3bj@okhdfc/P2M/imxiwni6@ptbsi/AxisBank
06/06/2022,,1712.1,CR,2149.06,UPI/l8lzxkfyt2a4@paytm
06/06/2022,,56.05,DR,2093.01,UPI/l81h3zs412mz@ybl/P2M/22hw7ud6@ptbsi/VENNA
06/06/2022,,1417.54,DR,675.47,UPI/5oq4xuz1caa8@paytm/P2M/q4wg8j83@ptbsi/BigBazaar
06/06/2022,578665,624.02,DR,51.45,UPI/y8b0vu5wmc88@oksbi/P2M/itvaarjh@oksbi/Chala
05/06/2022,803727,714.72,CR,766.17,UPI/ljy6a07ptbtj@ybl
05/06/2022,,608.22,DR,157.95,UPI/aqj9gypa5lqo@oksbi/P2M/au1gtmaj@ptbsi/Airtel
04/06/2022,,343.37,CR,501.32,UPI/f513vwm7s39r@axl
04/06/2022,548770,124.6,DR,376.72,UPI/aszqi7rzvq5e@paytm/P2M/da8qv8wr@paytm/Flipkart
04/06/2022,547826,333.3,DR,43.42,UPI/7fflvsd42l0s@axl/P2M/9sr8zpzl@ptbyl/Edara
04/06/2022,,2738.4,CR,2781.82,UPI/0fmat7fxjt3s@axl
04/06/2022,381919,389.83,CR,3171.65,UPI/gs4dvcbdtsyi@oksbi
04/06/2022,858845,3484.09,CR,6655.74,UPI/jp2gepiuvsnz@okhdfc
04/06/2022,682255,19.38,DR,6636.36,UPI/y0ucp10gm5pb@axl/P2M/le5h45gq@ptbsi/BigBazaar
04/06/2022,,207.45,DR,6428.91,UPI/66b5965gqh3j@paytm/P2M/5bwo8enq@ptbyl/Edara
04/06/2022,,1049.24,DR,5379.67,UPI/l7h74qp30xbd@axl/P2M/xm1ug7tt@ptbsi/AxisBank
04/06/2022,,1057.84,DR,4321.83,UPI/avd6hzuj53bx@oksbi/P2M/up2q9gjt@ptbsi/VENNA
04/06/2022,,1129.34,DR,3192.49,UPI/nkjdl9hk5fc3@oksbi/P2M/ccdh38jb@paytm/Flipkart
04/06/2022,,12.58,DR,3179.91,UPI/160h96y71404@paytm/P2M/494e6dp9@oksbi/AxisBank
03/06/2022,380666,1206.3,DR,1973.61,UPI/vo661dwewcn0@okaxis/P2M/qsgrmds9@paytm/Amazon
03/06/2022,,594.74,DR,1378.87,UPI/rdhf89bhif1p@oksbi/P2M/h6po0tmt@ptbyl/BigBazaar
03/06/2022,,1259.71,DR,119.16,UPI/1v0uoh582x9a@okaxis/P2M/84yzo691@ptbsi/BigBazaar
03/06/2022,994172,976.87,CR,1096.03,UPI/6y8nv9176fd8@oksbi
03/06/2022,170236,59.09,DR,1036.94,UPI/v5zbme41sdgq@okhdfc/P2M/2jiovh9d@ptbyl/Flipkart
03/06/2022,,943.28,CR,1980.22,UPI/nlejnr3jv956@axl
02/06/2022,,1102.96,DR,877.26,UPI/44fb8yav6zt4@axl/P2M/enps20p3@ptbyl/Airtel
02/06/2022,,271.17,DR,606.09,UPI/90yev7v2n260@axl/P2M/5u1dacxo@ptbyl/AxisBank
02/06/2022,,27.98,DR,578.11,UPI/3vgobhh5n35y@paytm/P2M/hsurye1v@oksbi/Flipkart
02/06/2022,895796,1783.14,CR,2361.25,UPI/x7u9ed77pjsr@okhdfc
02/06/2022,959946,526.41,DR,1834.84,UPI/oxl5xbj4lnay@ybl/P2M/g0qvug52@oksbi/BigBazaar
02/06/2022,,322.83,DR,1512.01,UPI/6xcui9yd0gk3@ybl/P2M/2schjej7@ptbyl/BigBazaar
02/06/2022,,1206.79,DR,305.22,UPI/cmcqcv0ot8tz@axl/P2M/k252j7jp@ptbsi/Flipkart
02/06/2022,,1493.21,CR,1798.43,UPI/izvb319i2s7r@ybl
02/06/2022,292069,772.15,DR,1026.28,UPI/t9xiqg7ppan8@ybl/P2M/zddfs1m8@ptbyl/Chala
02/06/2022,563119,836.94,DR,189.34,UPI/ocwkivozlnl5@oksbi/P2M/qj5mlhft@oksbi/Amazon
02/06/2022,,62.83,DR,126.51,UPI/iya3qejj4bcs@oksbi/P2M/chu2ss9m@oksbi/Paytm
01/06/2022,,42.67,DR,83.84,UPI/xarnyg89igj7@okhdfc/P2M/1wfowima@ptbyl/Edara
01/06/2022,,21.1,DR,62.74,UPI/wpxl0i55gfwr@okaxis/P2M/fudgag2h@ptbyl/VENNA
01/06/2022,,31.11,DR,31.63,UPI/u8l1f5vjx67w@axl/P2M/qvkimzyu@paytm/Paytm
01/06/2022,,1267.75,CR,1299.38,UPI/jv7ov8xi8e5v@paytm
01/06/2022,,577.78,DR,721.6,UPI/z5byvavp1bfj@axl/P2M/87z0v1ux@oksbi/Airtel
31/05/2022,,627.38,DR,94.22,UPI/qfek17q6olv8@axl/P2M/pvpz6olr@paytm/Paytm
31/05/2022,477748,172.54,CR,266.76,UPI/oq8omhc5i2qy@okaxis
30/05/2022,,1432.64,CR,1699.4,UPI/9pj77b0uumhz@okaxis
30/05/2022,,595.29,CR,2294.69,UPI/ig54em8ehvq2@oksbi
30/05/2022,,609.39,DR,1685.3,UPI/8gtxxkz9pv4f@okaxis/P2M/c6ywy1e3@oksbi/BigBazaar
30/05/2022,580218,849.57,DR,835.73,UPI/gfe6rwzvib5q@axl/P2M/qvn59x5f@paytm/Flipkart
29/05/2022,430794,668.84,DR,166.89,UPI/ielb21e54gbc@okaxis/P2M/w63t43bm@paytm/Paytm
29/05/2022,,28.0,DR,138.89,UPI/vk20wdghmpx4@oksbi/P2M/nipdbgrn@oksbi/Edara
29/05/2022,724324,3812.82,CR,3951.71,UPI/9xgvesp7hozu@okhdfc
29/05/2022,892669,682.9,DR,3268.81,UPI/x9z66x6cmetb@okhdfc/P2M/2op7t9em@ptbsi/Edara
29/05/2022,262806,1429.95,DR,1838.86,UPI/b5qqg6rstyro@okaxis/P2M/m8ghzsu7@ptbyl/Paytm
29/05/2022,,1129.25,DR,709.61,UPI/bzdwr8nabaqh@okaxis/P2M/f1znzv44@ptbsi/VENNA
28/05/2022,,629.01,DR,80.6,UPI/v2v8q1fknxv1@oksbi/P2M/mbon17th@ptbyl/Flipkart
27/05/2022,615501,46.01,DR,34.59,UPI/43x211eoj2pa@axl/P2M/jyr4mdbo@paytm/Paytm
27/05/2022,299553,3847.35,CR,3881.94,UPI/ddcrvwhxnjgk@okaxis
26/05/2022,,423.89,CR,4305.83,UPI/vbjgux17uwnl@okaxis
26/05/2022,368104,716.79,DR,3589.04,UPI/t8y28cqkka9l@paytm/P2M/shczbbpx@paytm/Edara
26/05/2022,153465,1149.69,DR,2439.35,UPI/iimg5fut1lk4@oksbi/P2M/5r97cu5i@ptbyl/BigBazaar
26/05/2022,626777,95.89,DR,2343.46,UPI/1urjt5wc5m1z@okaxis/P2M/jzr658sd@paytm/VENNA
26/05/2022,671583,582.24,DR,1761.22,UPI/kpwr3jd5f96o@okaxis/P2M/yos1dfxd@ptbyl/Amazon
26/05/2022,567269,589.52,DR,1171.7,UPI/a12ul1m9yla9@paytm/P2M/9fpklmd0@ptbsi/Chala
26/05/2022,414729,501.65,DR,670.05,UPI/y3976xtvn7t8@okhdfc/P2M/7zgl49tr@oksbi/Edara
26/05/2022,937883,227.93,DR,442.12,UPI/vxyno9bcj9t7@okaxis/P2M/zdnn871f@paytm/AxisBank
26/05/2022,154419,208.23,DR,233.89,UPI/fe4qlx28sizl@okaxis/P2M/rz8jihfi@paytm/Edara
26/05/2022,,230.92,DR,2.97,UPI/sd117h8n5zol@ybl/P2M/ng1uc6oa@ptbsi/Amazon
25/05/2022,291633,3781.9,CR,3784.87,UPI/4td0jl8u7sdw@ybl
25/05/2022,,1150.2,DR,2634.67,UPI/t81zep3bp9vf@axl/P2M/kxv90tbn@paytm/BigBazaar
25/05/2022,,168.93,DR,2465.74,UPI/e1w6gks8wjnh@oksbi/P2M/cnds367g@paytm/Airtel
25/05/2022,532592,431.89,DR,2033.85,UPI/2y3xul4181za@paytm/P2M/v159uca6@ptbyl/VENNA
25/05/2022,,1187.3,DR,846.55,UPI/y4u8vukr4n4u@okhdfc/P2M/vhp99zhs@ptbsi/Flipkart
25/05/2022,565023,3239.12,CR,4085.67,UPI/57igskjfaid6@okaxis
24/05/2022,,1416.81,DR,2668.86,UPI/qjxubvuf9k8b@okaxis/P2M/144c46wd@ptbyl/Chala
24/05/2022,881359,338.46,DR,2330.4,UPI/pl2ey4udlo49@paytm/P2M/cihaso2z@ptbsi/Chala
24/05/2022,,2227.48,CR,4557.88,UPI/7xwmf89gel4r@paytm
24/05/2022,869641,1225.69,DR,3332.19,UPI/emfy4zyu3s78@okaxis/P2M/wiyrlmxc@ptbsi/Amazon
24/05/2022,978916,508.61,CR,3840.8,UPI/pd0k9szxltzc@oksbi
24/05/2022,,326.98,DR,3513.82,UPI/m623ee63l72y@paytm/P2M/xlx0qxle@oksbi/Paytm
24/05/2022,,771.94,DR,2741.88,UPI/r7py1eh2j6ti@paytm/P2M/9pxdufp8@ptbyl/Airtel
24/05/2022,947534,203.91,DR,2537.97,UPI/vb9h0h18y5pa@okhdfc/P2M/w96lkwgy@ptbyl/BigBazaar
24/05/2022,,944.31,DR,1593.66,UPI/ld96n28zule9@paytm/P2M/ngwublt3@paytm/Airtel
24/05/2022,,3425.97,CR,5019.63,UPI/qyi67d68za4c@okhdfc
24/05/2022,,483.51,DR,4536.12,UPI/y2uq5csci469@okhdfc/P2M/uic8uobn@ptbyl/BigBazaar
24/05/2022,873184,3224.61,CR,7760.73,UPI/ffw99fb22f1v@ybl
24/05/2022,,180.78,DR,7579.95,UPI/ifxds002zbqn@okhdfc/P2M/8twbd3hx@ptbsi/Amazon
23/05/2022,882394,753.91,DR,6826.04,UPI/wpuq8w1e54hj@oksbi/P2M/ybebzo8v@ptbsi/Airtel
23/05/2022,,458.5,DR,6367.54,UPI/cnmh9tfno10a@okhdfc/P2M/932n4gjh@ptbyl/BigBazaar
23/05/2022,947840,36.98,DR,6330.56,UPI/87rm5qdswrq3@paytm/P2M/w9a2swz3@ptbyl/AxisBank
23/05/2022,,4432.34,CR,10762.9,UPI/h1jw6symaefy@axl
23/05/2022,,459.31,DR,10303.59,UPI/g90gndu82fjx@oksbi/P2M/js0afgd4@ptbsi/Amazon
23/05/2022,847847,1485.28,DR,8818.31,UPI/zqf84zqoaebb@paytm/P2M/oew5t62u@ptbsi/Edara
23/05/2022,,732.52,DR,8085.79,UPI/dsv8crk93v62@okhdfc/P2M/mp0c2uvg@ptbyl/Chala
23/05/2022,684550,75.54,DR,8010.25,UPI/bulaq7kh65cp@okhdfc/P2M/xdywybfy@paytm/Flipkart
23/05/2022,,2645.7,CR,10655.95,UPI/olklfin0ucjy@paytm
23/05/2022,,1485.36,DR,9170.59,UPI/vhmbawee5w7g@okaxis/P2M/ic8ehog2@oksbi/Edara
23/05/2022,691949,19.78,DR,9150.81,UPI/g6arfixrp8k2@oksbi/P2M/g472ylcu@ptbyl/Flipkart
23/05/2022,,367.02,DR,8783.79,UPI/y19t9qmnksr6@okhdfc/P2M/wmh4ri2s@paytm/Flipkart
23/05/2022,,1318.98,DR,7464.81,UPI/m1p5mo6j2t5d@paytm/P2M/ywsph46t@ptbyl/BigBazaar
22/05/2022,,147.32,DR,7317.49,UPI/x4so6wjhcaxl@oksbi/P2M/jhltte25@oksbi/VENNA
22/05/2022,,1099.38,CR,8416.87,UPI/rihzt8bsslfm@okhdfc
22/05/2022,713073,643.21,DR,7773.66,UPI/jc2b3te4gve5@okhdfc/P2M/u1g5amrj@paytm/Amazon
22/05/2022,,292.43,DR,7481.23,UPI/yko46tzsenop@oksbi/P2M/h6wb2jn9@ptbyl/Airtel
22/05/2022,,837.35,DR,6643.88,UPI/dmwrxga6v3rj@ybl/P2M/ddinnwn8@paytm/Paytm
22/05/2022,,151.11,DR,6492.77,UPI/0p7a8pc17bk1@okaxis/P2M/gbsq545p@oksbi/VENNA
22/05/2022,585618,432.22,DR,6060.55,UPI/fy47hr5eror9@paytm/P2M/x5tke9xt@ptbyl/Airtel
22/05/2022,714187,1165.58,DR,4894.97,UPI/qekd3s979fiz@axl/P2M/sxmtvf14@ptbyl/VENNA
22/05/2022,379916,615.22,DR,4279.75,UPI/zjo9s9opl7ed@axl/P2M/cgyvmubh@ptbyl/Flipkart
22/05/2022,,604.85,DR,3674.9,UPI/lalkhwjnxguh@oksbi/P2M/inlb64a4@ptbsi/Airtel
22/05/2022,901400,860.42,DR,2814.48,UPI/gdcl5az92x1r@oksbi/P2M/84ftkaut@paytm/Paytm
22/05/2022,874589,973.99,DR,1840.49,UPI/buu3op7ccztv@okaxis/P2M/f4gzx742@paytm/VENNA
22/05/2022,,4112.23,CR,5952.72,UPI/79bh7ovp0ylk@okaxis
21/05/2022,511264,598.32,DR,5354.4,UPI/5lfep80c9gvb@okaxis/P2M/vz51ycr4@ptbyl/AxisBank
21/05/2022,410486,297.11,DR,5057.29,UPI/8nid24szt34d@ybl/P2M/2pxhfoak@ptbsi/Flipkart
21/05/2022,382968,421.81,DR,4635.48,UPI/cd9pwdwnj68c@okhdfc/P2M/91a6egwu@paytm/BigBazaar
21/05/2022,,424.56,DR,4210.92,UPI/mahih89g9ogm@okhdfc/P2M/yqujf8cx@ptbyl/AxisBank
21/05/2022,,2877.77,CR,7088.69,UPI/x1tpyaz46m9h@axl
21/05/2022,988949,1022.47,DR,6066.22,UPI/b0d92y4g4jz7@ybl/P2M/wzv4c3p3@ptbsi/BigBazaar
21/05/2022,,1333.16,DR,4733.06,UPI/zfronoy4emfy@axl/P2M/zf6d187c@ptbsi/Amazon
21/05/2022,,1150.3,DR,3582.76,UPI/jyhgglurfpvn@okaxis/P2M/3avlip4y@ptbyl/Amazon
21/05/2022,510630,2520.64,CR,6103.4,UPI/q2tkpyo942g3@axl
21/05/2022,672846,540.93,DR,5562.47,UPI/gxrooc8tl98s@axl/P2M/ndktstaz@paytm/Airtel
21/05/2022,,275.61,DR,5286.86,UPI/y8t1yfvml1b6@axl/P2M/uqc5af6m@paytm/Paytm
21/05/2022,,981.7,DR,4305.16,UPI/m60p1vuqykor@okhdfc/P2M/bde3k29d@ptbsi/Airtel
21/05/2022,528661,2506.56,CR,6811.72,UPI/s7bm26ybjuk9@ybl
20/05/2022,,542.51,DR,6269.21,UPI/d8oxgb6sd6x7@okhdfc/P2M/u8zb0hz6@oksbi/Chala
20/05/2022,,256.47,DR,6012.74,UPI/4d0q5hcrf6vl@okaxis/P2M/9lk8gmy0@ptbyl/BigBazaar
20/05/2022,,12.69,DR,6000.05,UPI/i1d8clyf9d3f@okaxis/P2M/r8ou1jg4@paytm/BigBazaar
20/05/2022,481446,519.37,CR,6519.42,UPI/m0l3wisdqh61@axl
20/05/2022,,190.74,CR,6710.16,UPI/m3k9jp52opnq@ybl
20/05/2022,470948,1668.0,CR,8378.16,UPI/ik9wvw76s2hp@ybl
20/05/2022,873036,1696.02,CR,10074.18,UPI/qaq7ihf6xr0l@okaxis
20/05/2022,,413.74,DR,9660.44,UPI/4geerv5nxg2t@ybl/P2M/4b2d6ezh@ptbyl/BigBazaar
20/05/2022,758921,1476.69,DR,8183.75,UPI/dr4h6kc3nfma@paytm/P2M/f2jld8vs@ptbyl/Flipkart
20/05/2022,,1128.61,DR,7055.14,UPI/0h32j7twyfe5@ybl/P2M/irveoyq5@oksbi/AxisBank
20/05/2022,,1846.75,CR,8901.89,UPI/yzlwwlx7xcj6@okaxis
20/05/2022,599159,472.68,DR,8429.21,UPI/9uglji4ulrzu@okaxis/P2M/w8n5igwy@ptbyl/Chala
20/05/2022,,1225.26,DR,7203.95,UPI/n07483ik1xe6@axl/P2M/eblnytby@ptbsi/AxisBank
19/05/2022,,865.13,DR,6338.82,UPI/rmdtoahozogh@axl/P2M/zaymlqa0@oksbi/Paytm
19/05/2022,,1278.1,DR,5060.72,UPI/uo2itazq3ptf@ybl/P2M/baiwl3qp@ptbyl/Paytm
19/05/2022,,328.51,DR,4732.21,UPI/dz4kmec6cexa@ybl/P2M/9y2zyefj@paytm/Amazon
19/05/2022,,1133.75,DR,3598.46,UPI/18mi5yjq8kzo@paytm/P2M/7zeadh3p@ptbsi/Paytm
19/05/2022,762575,1163.72,DR,2434.74,UPI/fbbjrkm6hrdc@paytm/P2M/hpst7tls@oksbi/Airtel
19/05/2022,468661,33.34,DR,2401.4,UPI/ttu9ygcwvaum@okhdfc/P2M/t3hknfgj@ptbyl/Amazon
19/05/2022,728487,445.39,DR,1956.01,UPI/ny56lq0h966m@oksbi/P2M/04v6aj6e@oksbi/VENNA
19/05/2022,,66.35,DR,1889.66,UPI/wl8uwaaev305@axl/P2M/ku9wx440@ptbsi/Paytm
19/05/2022,,1410.37,DR,479.29,UPI/3dm13rtk5ri6@paytm/P2M/mltd3ndt@oksbi/Airtel
19/05/2022,,4600.75,CR,5080.04,UPI/00fsx9ifv7pk@okhdfc
19/05/2022,,1089.66,DR,3990.38,UPI/bzhhqwzyllom@axl/P2M/76sk3ou8@oksbi/Chala
18/05/2022,490633,849.6,DR,3140.78,UPI/1osdo7lw4wxv@okaxis/P2M/mbavtr10@oksbi/Paytm
18/05/2022,,4857.03,CR,7997.81,UPI/s8mhoz7ypcrm@ybl
18/05/2022,277820,558.81,DR,7439.0,UPI/aa7af5k211m8@okhdfc/P2M/vx0q59dz@oksbi/Paytm
18/05/2022,,849.79,DR,6589.21,UPI/swbyti61axo0@okaxis/P2M/mctmh74v@ptbsi/AxisBank
18/05/2022,505706,1032.5,DR,5556.71,UPI/pgao2dpqjk3w@okhdfc/P2M/8azp5upz@paytm/Airtel
18/05/2022,,736.28,DR,4820.43,UPI/o3gafjv0pi8n@okhdfc/P2M/50duiuof@paytm/Amazon
18/05/2022,,2211.21,CR,7031.64,UPI/f6j21gycw3n0@okaxis
18/05/2022,494501,412.84,DR,6618.8,UPI/cx3hrq4s1goy@axl/P2M/9k8suu9a@ptbyl/Chala
18/05/2022,,3507.23,CR,10126.03,UPI/c4bysvkd19n0@paytm
18/05/2022,,1622.39,CR,11748.42,UPI/lyergbruuubx@okaxis
18/05/2022,196790,408.89,CR,12157.31,UPI/p2rlnq462wtv@paytm
18/05/2022,,1270.68,CR,13427.99,UPI/00mtg8bbfu26@ybl
18/05/2022,,1440.83,DR,11987.16,UPI/su5xj37zyjq0@ybl/P2M/ll4u7ms8@paytm/AxisBank
17/05/2022,,106.0,DR,11881.16,UPI/l9lwvqxf4xyt@oksbi/P2M/f9or22fw@ptbsi/Amazon
17/05/2022,,725.23,DR,11155.93,UPI/m8e87l9l7zq8@axl/P2M/nowh7mld@paytm/Paytm
17/05/2022,448726,628.12,DR,10527.81,UPI/u1noihk6xgff@okhdfc/P2M/e1q362zd@paytm/Paytm
17/05/2022,,692.46,DR,9835.35,UPI/kiuif2e0xnxo@axl/P2M/gp1ho865@ptbsi/AxisBank
17/05/2022,,1243.96,DR,8591.39,UPI/hgvnk7liymbu@ybl/P2M/r3q18vxi@ptbsi/Paytm
17/05/2022,,668.32,DR,7923.07,UPI/xt2j2l225d0h@oksbi/P2M/764zgein@ptbsi/Airtel
17/05/2022,,419.03,DR,7504.04,UPI/6qon07rih14g@paytm/P2M/pwwkmafa@ptbsi/VENNA
17/05/2022,,543.89,DR,6960.15,UPI/n6ucddtbhe47@axl/P2M/em9f3fah@oksbi/Amazon
17/05/2022,,4134.13,CR,11094.28,UPI/2j7ozfyib0fg@okhdfc
17/05/2022,378782,163.14,DR,10931.14,UPI/fp723lloiejx@axl/P2M/atz7ipek@paytm/Amazon
17/05/2022,,510.61,DR,10420.53,UPI/6qxdktatucis@oksbi/P2M/sa0iv75y@ptbyl/Chala
17/05/2022,651957,532.31,DR,9888.22,UPI/fhq1kjgs0gcg@ybl/P2M/nep6y39y@paytm/Paytm
17/05/2022,555303,1208.58,CR,11096.8,UPI/qz4eoaoy5veu@okaxis
16/05/2022,831391,1370.69,CR,12467.49,UPI/mvgjjeb9zakw@okaxis
16/05/2022,201741,1032.22,DR,11435.27,UPI/in1o27mn0amf@paytm/P2M/ybl8utyd@paytm/AxisBank
16/05/2022,958296,636.04,CR,12071.31,UPI/mazf4vdvoxxo@ybl
16/05/2022,138193,603.35,DR,11467.96,UPI/wyyg96j791ec@axl/P2M/hhj91t9u@ptbyl/VENNA
16/05/2022,,1048.74,DR,10419.22,UPI/jp4sa2em7351@okhdfc/P2M/ydm72l8u@paytm/Flipkart
16/05/2022,678413,987.0,DR,9432.22,UPI/0624tob4muwu@axl/P2M/vwhdttd7@ptbsi/AxisBank
16/05/2022,,1322.72,DR,8109.5,UPI/8jnt88nfn3m4@axl/P2M/ecmj2v70@ptbsi/Chala
16/05/2022,,1324.95,CR,9434.45,UPI/2xtwr2xkunqf@oksbi
16/05/2022,,837.12,DR,8597.33,UPI/86xgyl6uivnu@ybl/P2M/yqm2l4vh@oksbi/Flipkart
16/05/2022,777125,996.69,DR,7600.64,UPI/a13pywjb76vy@ybl/P2M/lh925kwn@paytm/VENNA
16/05/2022,,430.82,DR,7169.82,UPI/chkg2diwajd7@paytm/P2M/dnejqrvk@oksbi/Edara
16/05/2022,591819,681.7,DR,6488.12,UPI/0rqpfzs6mboq@okhdfc/P2M/ezdvf1fo@ptbyl/VENNA
16/05/2022,833793,444.08,DR,6044.04,UPI/12hl1usv6lp7@axl/P2M/stid2q2v@paytm/Flipkart
15/05/2022,710730,1328.02,DR,4716.02,UPI/qa1xrynzxk6r@paytm/P2M/59lh1458@paytm/Airtel
15/05/2022,,1436.82,DR,3279.2,UPI/3dan3zcrdbn2@ybl/P2M/ulypvo87@ptbyl/Flipkart
15/05/2022,,582.49,DR,2696.71,UPI/5jh3pwjhqbmy@axl/P2M/mlbwxm2k@ptbsi/VENNA
15/05/2022,,1172.43,DR,1524.28,UPI/4us7pcpdc0ha@ybl/P2M/jet2y6k2@ptbsi/AxisBank
15/05/2022,,214.98,DR,1309.3,UPI/n05wa37sn7ig@okhdfc/P2M/ktw6rkby@ptbyl/Amazon
15/05/2022,,766.57,DR,542.73,UPI/qr9wbirmjpvu@oksbi/P2M/bd1hodx4@ptbsi/Amazon
15/05/2022,,436.14,DR,106.59,UPI/kdg8fasfq9ld@axl/P2M/vr8sqbum@ptbyl/Edara
15/05/2022,,4479.26,CR,4585.85,UPI/a5xyt133digu@okaxis
14/05/2022,,1252.45,DR,3333.4,UPI/paga3roxnp53@ybl/P2M/565l1y6r@ptbsi/Edara
14/05/2022,,1101.38,DR,2232.02,UPI/4ngmwg3sjmjm@paytm/P2M/m5ja7i8a@paytm/Paytm
14/05/2022,,120.31,DR,2111.71,UPI/8im3v71j97xg@paytm/P2M/tade8jop@ptbsi/Flipkart
14/05/2022,,159.74,CR,2271.45,UPI/ufyuruqfhc34@oksbi
14/05/2022,648008,705.31,DR,1566.14,UPI/qaf5f9mpi7uo@oksbi/P2M/xw5fvamq@ptbsi/Edara
14/05/2022,,224.15,DR,1341.99,UPI/pgidva92t3cf@axl/P2M/xfoz3ihz@paytm/VENNA
14/05/2022,530813,598.87,DR,743.12,UPI/ehxxunvwha2f@okaxis/P2M/kxnmd3t4@oksbi/AxisBank
14/05/2022,,35.11,DR,708.01,UPI/yyqg5frje41w@ybl/P2M/4sosfuj4@ptbyl/Chala
14/05/2022,,399.26,DR,308.75,UPI/1h9xmj5xwel2@paytm/P2M/xy8x5ndo@ptbyl/AxisBank
14/05/2022,,1263.1,CR,1571.85,UPI/g320jk0kkoop@okaxis
14/05/2022,,1269.25,DR,302.6,UPI/bqxah7i1gpim@ybl/P2M/ok7wkxt2@ptbsi/Chala
13/05/2022,160593,3890.79,CR,4193.39,UPI/g958h1x2ws99@axl
13/05/2022,987020,1364.69,DR,2828.7,UPI/hi64mun68068@oksbi/P2M/b7zvja6v@ptbyl/VENNA
13/05/2022,,1382.54,DR,1446.16,UPI/bxorovt250yz@paytm/P2M/nco0xk24@paytm/BigBazaar
13/05/2022,,463.25,DR,982.91,UPI/epg19acgaqwe@okhdfc/P2M/bx7cvnn4@ptbsi/VENNA
13/05/2022,,861.2,DR,121.71,UPI/sb6mnd2nsaqg@okhdfc/P2M/h5qbz81g@ptbyl/Paytm
13/05/2022,,1093.25,CR,1214.96,UPI/4abxq7trkqcr@ybl
13/05/2022,471900,1146.48,DR,68.48,UPI/9pmev1l9pcc0@ybl/P2M/68pxeecj@oksbi/Chala
12/05/2022,,3204.79,CR,3273.27,UPI/cz1gio6iv9t3@okaxis
12/05/2022,,1308.52,DR,1964.75,UPI/f0ppm9xo9vz3@okaxis/P2M/kik1zcli@oksbi/Amazon
12/05/2022,,1343.83,DR,620.92,UPI/1vaekds9gyrt@okaxis/P2M/1up1ds0l@ptbyl/VENNA
12/05/2022,,49.7,DR,571.22,UPI/4cniwj6qxdgj@ybl/P2M/dp9wm1vo@ptbyl/Edara
12/05/2022,612837,372.13,DR,199.09,UPI/yfv2nmf4486z@paytm/P2M/eeh9lr72@ptbyl/AxisBank
12/05/2022,447959,20.32,DR,178.77,UPI/n0bide3951e5@okhdfc/P2M/b96zl0yy@ptbyl/Chala
11/05/2022,,1309.95,CR,1488.72,UPI/yjqxep0xkz5s@okaxis
11/05/2022,,1407.05,DR,81.67,UPI/5is8ljp6gkor@okhdfc/P2M/a313efdk@paytm/AxisBank
11/05/2022,,1879.43,CR,1961.1,UPI/1dsn106a7r6g@axl
11/05/2022,,819.17,DR,1141.93,UPI/6wxahg5yeywp@axl/P2M/zeirnsej@ptbsi/Edara
11/05/2022,,304.72,CR,1446.65,UPI/cn0j3crar9rv@axl
11/05/2022,,1315.89,DR,130.76,UPI/2fpw6fx3vanv@paytm/P2M/8sru1fkh@oksbi/Paytm
11/05/2022,,3469.03,CR,3599.79,UPI/b0z3hx7p6fvb@oksbi
11/05/2022,,651.63,DR,2948.16,UPI/ckgda64llize@ybl/P2M/78p6fai5@ptbyl/Amazon
11/05/2022,,592.03,DR,2356.13,UPI/3fy7bg7lm6h0@axl/P2M/u6qg9dwl@paytm/VENNA
10/05/2022,,114.98,DR,2241.15,UPI/0hp9bbqor3xm@oksbi/P2M/b9lfm9d3@paytm/Amazon
10/05/2022,705555,309.55,DR,1931.6,UPI/wvlhte2vxry1@okaxis/P2M/adt483uv@oksbi/Edara
10/05/2022,354922,709.69,DR,1221.91,UPI/8wbcajaxrywg@okhdfc/P2M/84g989oi@ptbyl/Chala
10/05/2022,,3389.97,CR,4611.88,UPI/wvforjiq4bka@ybl
10/05/2022,333306,641.74,DR,3970.14,UPI/123l03bw1xsl@paytm/P2M/9uk8ytsr@ptbsi/AxisBank
10/05/2022,612241,569.81,DR,3400.33,UPI/d4gifeb4ug45@paytm/P2M/0107fj6k@ptbyl/VENNA
10/05/2022,,487.51,DR,2912.82,UPI/l60mzv0ewkwo@paytm/P2M/av63u8yh@ptbyl/Edara
10/05/2022,,930.02,DR,1982.8,UPI/svjw2l0rnpzh@ybl/P2M/lv6jswf7@paytm/VENNA
10/05/2022,,117.51,DR,1865.29,UPI/ieou3uay5pcc@ybl/P2M/egldbzct@oksbi/AxisBank
10/05/2022,,327.36,DR,1537.93,UPI/n6nxwuy5qm5b@ybl/P2M/pq7fmllz@ptbyl/Edara
10/05/2022,,146.12,DR,1391.81,UPI/t54lywrquqee@axl/P2M/qikkpjr1@oksbi/VENNA
10/05/2022,,3226.28,CR,4618.09,UPI/k8sdoppeakxb@axl
09/05/2022,,476.09,DR,4142.0,UPI/efec3dc0chgc@paytm/P2M/q1ghtg7q@oksbi/VENNA
09/05/2022,,986.77,DR,3155.23,UPI/e0l3bkj8il7g@axl/P2M/ojwdcr5z@ptbsi/Edara
09/05/2022,180120,3044.54,CR,6199.77,UPI/z992apy7d1st@okaxis
09/05/2022,721456,910.36,DR,5289.41,UPI/k4mj1x6b1lk3@oksbi/P2M/oty8zxga@oksbi/Amazon
09/05/2022,685489,496.0,DR,4793.41,UPI/ml1j8j5pb82g@paytm/P2M/xpl156f0@oksbi/Flipkart
09/05/2022,355073,405.92,DR,4387.49,UPI/5ig9e3oedvly@oksbi/P2M/mnttapud@oksbi/Edara
09/05/2022,,1191.82,DR,3195.67,UPI/r82hvh9atbcm@paytm/P2M/qt1jsgbs@ptbyl/Amazon
09/05/2022,,418.25,DR,2777.42,UPI/tjrisojaiajm@okaxis/P2M/40ri3qs9@oksbi/AxisBank
09/05/2022,,1047.05,DR,1730.37,UPI/dozjbsadlm6p@ybl/P2M/gyu60vfr@ptbsi/BigBazaar
09/05/2022,205636,2361.07,CR,4091.44,UPI/qgjjet2yg1t5@okhdfc
09/05/2022,,1375.32,DR,2716.12,UPI/a5x6s9tq9w5x@ybl/P2M/0j1qoxyq@ptbsi/Edara
09/05/2022,,596.78,DR,2119.34,UPI/1p0cp0ukymxe@axl/P2M/7r71aavh@ptbyl/BigBazaar
09/05/2022,,804.92,DR,1314.42,UPI/346i4ywemkvr@ybl/P2M/mxxj5r1q@ptbyl/Chala
08/05/2022,859933,212.87,CR,1527.29,UPI/ycmvhtnl79gh@okhdfc
08/05/2022,277217,1137.69,DR,389.6,UPI/tngr6987k9qk@paytm/P2M/gkey1hex@ptbsi/Flipkart
08/05/2022,795116,56.5,DR,333.1,UPI/4fmqbdq6vjl1@paytm/P2M/06kpb727@paytm/Edara
08/05/2022,899178,1078.24,CR,1411.34,UPI/n76daxqltdnz@oksbi
08/05/2022,998134,1376.12,DR,35.22,UPI/phl6yqelknzw@axl/P2M/5pavtfi6@oksbi/Edara
07/05/2022,,2225.29,CR,2260.51,UPI/ubph83fu37gv@ybl
07/05/2022,,601.05,DR,1659.46,UPI/789fbajvtide@okhdfc/P2M/zq9oykrv@ptbyl/BigBazaar
07/05/2022,,807.19,DR,852.27,UPI/5uegszzqf4bw@ybl/P2M/pwka2u1v@ptbyl/BigBazaar
07/05/2022,,917.15,CR,1769.42,UPI/m2i7isb03v4s@okhdfc
07/05/2022,,1446.79,DR,322.63,UPI/tut69rd7bxy9@okhdfc/P2M/j27948pr@oksbi/Paytm
07/05/2022,372435,3487.79,CR,3810.42,UPI/17owh8mar3hm@ybl
07/05/2022,602170,1373.4,DR,2437.02,UPI/tphh85v625tf@okaxis/P2M/jnh9gfki@ptbyl/BigBazaar
07/05/2022,,775.26,DR,1661.76,UPI/xzi5h3vdqpxg@oksbi/P2M/rak4999t@paytm/VENNA
07/05/2022,,403.82,DR,1257.94,UPI/ueop2umq4bkq@okhdfc/P2M/zllmi3ob@paytm/Chala
07/05/2022,587303,774.64,DR,483.3,UPI/3g9g4cj76798@okaxis/P2M/hnrrhbhi@paytm/BigBazaar
07/05/2022,946602,67.11,DR,416.19,UPI/9t9ayajaguai@axl/P2M/znx3w109@oksbi/BigBazaar
07/05/2022,,82.98,DR,333.21,UPI/gxslp4ygf69b@axl/P2M/qqpj2t0y@paytm/Paytm
06/05/2022,,2970.99,CR,3304.2,UPI/7bpg4qr060r9@axl
06/05/2022,,805.64,DR,2498.56,UPI/wbkjq0djdrhq@paytm/P2M/sm9p25cq@oksbi/VENNA
06/05/2022,,1182.53,DR,1316.03,UPI/avnxuk7vlb0s@oksbi/P2M/pzw0axe8@oksbi/Airtel
05/05/2022,,832.17,DR,483.86,UPI/7s78ojo88e4b@okhdfc/P2M/whrjg2kv@ptbyl/Amazon
05/05/2022,922016,3504.98,CR,3988.84,UPI/45lmphs3m8no@oksbi
05/05/2022,570848,1331.27,DR,2657.57,UPI/ydmn536sk0mz@ybl/P2M/k4111v2t@paytm/Paytm
05/05/2022,,275.8,DR,2381.77,UPI/vb9yzuh4qhrq@paytm/P2M/refrlus1@ptbyl/Airtel
05/05/2022,,4262.95,CR,6644.72,UPI/2lpxrnv45zru@paytm
05/05/2022,,82.79,DR,6561.93,UPI/qvdesvakbst3@oksbi/P2M/gxef9eqd@ptbyl/Airtel
05/05/2022,637066,941.83,DR,5620.1,UPI/fklxmtgf89io@oksbi/P2M/8pajxzbh@ptbsi/AxisBank
05/05/2022,,600.91,DR,5019.19,UPI/pdk85328h6rb@oksbi/P2M/l2sub3ms@oksbi/VENNA
05/05/2022,571929,1302.87,DR,3716.32,UPI/6rfookqaaytd@ybl/P2M/26ir4uxd@ptbyl/BigBazaar
05/05/2022,,486.83,DR,3229.49,UPI/m68oyukv3b8e@oksbi/P2M/1r746yyh@ptbsi/Edara
04/05/2022,412825,1110.67,DR,2118.82,UPI/jpw9apvfbko4@paytm/P2M/db5z4co7@ptbyl/Paytm
04/05/2022,,1186.99,DR,931.83,UPI/yi4fj5pqokdh@okhdfc/P2M/kvjuo2h2@ptbsi/Amazon
04/05/2022,,1016.71,CR,1948.54,UPI/ipt9hnnbwlwr@axl
04/05/2022,,1206.84,CR,3155.38,UPI/eezbwc1h1u9t@paytm
04/05/2022,,541.92,DR,2613.46,UPI/0bd55iberlwr@oksbi/P2M/7vglsc8f@oksbi/Chala
04/05/2022,,1041.81,DR,1571.65,UPI/4cwem1vfipoi@okhdfc/P2M/ci451g51@ptbyl/Flipkart
04/05/2022,,921.92,DR,649.73,UPI/hnl2kxux80m6@okhdfc/P2M/7u188olk@oksbi/Paytm
04/05/2022,260102,334.0,DR,315.73,UPI/77keuo4nu5yc@paytm/P2M/pjb0b9w4@oksbi/VENNA
04/05/2022,743653,233.55,DR,82.18,UPI/hua0zuevwkax@okaxis/P2M/qlj5sakd@ptbyl/BigBazaar
03/05/2022,716750,79.7,DR,2.48,UPI/6z6srq508psv@paytm/P2M/1sa6kebx@paytm/Chala
02/05/2022,,1846.21,CR,1848.69,UPI/su4hdi4oroix@paytm
02/05/2022,,1442.86,DR,405.83,UPI/iivb27p8z28b@ybl/P2M/42piusu7@paytm/Chala
02/05/2022,,403.67,DR,2.16,UPI/tgeomoavkofx@oksbi/P2M/66geccxo@ptbyl/BigBazaar
02/05/2022,864947,2619.35,CR,2621.51,UPI/q41lrluxk5bw@paytm
01/05/2022,,683.24,DR,1938.27,UPI/qi8s5osvnvj1@oksbi/P2M/llsjnjc3@paytm/Paytm
01/05/2022,460727,343.72,DR,1594.55,UPI/z2hvdhe0da9b@oksbi/P2M/yn9ykahn@ptbyl/Flipkart
01/05/2022,378373,521.82,DR,1072.73,UPI/1arhx65btqm7@axl/P2M/5ndz4m6n@ptbyl/Flipkart
01/05/2022,,66.48,DR,1006.25,UPI/1f39y9ekscbi@axl/P2M/yysxmusu@ptbyl/Edara
01/05/2022,,999.44,DR,6.81,UPI/eo69sz6r4gsf@axl/P2M/sjkdnxbc@oksbi/Flipkart
01/05/2022,463296,2590.36,CR,2597.17,UPI/h5768ng0yybw@paytm
