Date,Instrument ID,Amount,Type,Balance,Remarks
30/11/2021,,716.26,DR,134.64,UPI/svezzhuamwq3@okhdfc/P2M/gck6llfi@ptbyl/Airtel
30/11/2021,,57.9,DR,76.74,UPI/75xqh0jdr386@okhdfc/P2M/p4m40825@oksbi/Flipkart
30/11/2021,,2842.89,CR,2919.63,UPI/696gu6melgbg@okhdfc
30/11/2021,,193.61,DR,2726.02,UPI/uz0915jnxi89@okaxis/P2M/bi68udoi@ptbsi/Amazon
30/11/2021,166638,2379.81,CR,5105.83,UPI/k9njzgo1q4kl@axl
30/11/2021,,1094.9,DR,4010.93,UPI/bd9kebo16jsr@paytm/P2M/kopje4t0@oksbi/Paytm
30/11/2021,,907.79,DR,3103.14,UPI/igkqlyifxj91@oksbi/P2M/redbwiqg@ptbyl/Airtel
30/11/2021,,668.81,DR,2434.33,UPI/dorudt3yjmp8@okaxis/P2M/0h5z1cge@paytm/Airtel
30/11/2021,626524,25.09,DR,2409.24,UPI/lnruhxkp43t8@axl/P2M/sfp5o8ns@oksbi/Amazon
30/11/2021,,4907.27,CR,7316.51,UPI/obnxdazxlsl3@ybl
29/11/2021,548888,4926.5,CR,12243.01,UPI/wrogtlixtg85@ybl
29/11/2021,,2147.11,CR,14390.12,UPI/3nyi641ivt7w@ybl
29/11/2021,748049,791.65,DR,13598.47,UPI/58vj2kbcwpgs@ybl/P2M/o7i5m769@oksbi/Flipkart
29/11/2021,,390.6,DR,13207.87,UPI/5ojael0a7xr6@ybl/P2M/ausx9umm@ptbsi/Chala
29/11/2021,441829,716.22,DR,12491.65,UPI/i0ui6pckklge@axl/P2M/qj10dxbl@paytm/Chala
29/11/2021,,834.71,DR,11656.94,UPI/r4ew6szvioly@paytm/P2M/1gu18xkz@paytm/BigBazaar
29/11/2021,,495.7,DR,11161.24,UPI/6w5prywhn5p6@okhdfc/P2M/mfa3da1d@ptbyl/Chala
29/11/2021,,549.36,DR,10611.88,UPI/0gmi73dqfsr4@axl/P2M/abgy46sz@oksbi/Chala
29/11/2021,270998,567.23,DR,10044.65,UPI/7ylli8furbir@oksbi/P2M/vqm9yg7x@oksbi/BigBazaar
29/11/2021,789070,812.63,DR,9232.02,UPI/0jf6bxxsp7v0@oksbi/P2M/p7acblde@ptbyl/Paytm
29/11/2021,,18.05,DR,9213.97,UPI/483tj180cbyt@okhdfc/P2M/vh3llqvg@ptbsi/Flipkart
29/11/2021,263841,374.92,DR,8839.05,UPI/kclomofg2npr@oksbi/P2M/aq05br2a@ptbsi/BigBazaar
29/11/2021,,645.59,DR,8193.46,UPI/wycu47jiwlw4@ybl/P2M/l47kxrav@paytm/Airtel
28/11/2021,882596,765.46,DR,7428.0,UPI/xu45prkeeuhk@paytm/P2M/3ye9mrcr@ptbsi/Paytm
28/11/2021,975736,95.61,DR,7332.39,UPI/i6dqsvvaxopk@paytm/P2M/irvsh4z0@oksbi/Flipkart
28/11/2021,,1270.5,DR,6061.89,UPI/thacpypodpbi@oksbi/P2M/femxqqcq@ptbyl/Flipkart
28/11/2021,,595.58,DR,5466.31,UPI/nsvszhw27rww@oksbi/P2M/mf2ixrvf@ptbsi/Chala
28/11/2021,,878.01,DR,4588.3,UPI/3luasn28x0bm@okaxis/P2M/5d7slhrh@ptbsi/Airtel
28/11/2021,341626,1293.31,CR,5881.61,UPI/gwsbcij6f8vl@oksbi
28/11/2021,987558,715.44,CR,6597.05,UPI/3tfxgs7ix6vi@ybl
28/11/2021,510977,152.32,DR,6444.73,UPI/bj9ey4os6irg@okhdfc/P2M/eqppw2s5@ptbsi/VENNA
28/11/2021,,176.84,DR,6267.89,UPI/f92ouxv32fgc@okhdfc/P2M/up6adcix@paytm/Flipkart
28/11/2021,961811,1109.94,DR,5157.95,UPI/htoi94zvs4k4@axl/P2M/37srh2gj@paytm/Paytm
28/11/2021,,1561.19,CR,6719.14,UPI/a0y24qgfr8u1@paytm
28/11/2021,448259,460.79,DR,6258.35,UPI/zvxig6rnrzjo@paytm/P2M/aerov4ql@paytm/AxisBank
28/11/2021,,1333.85,DR,4924.5,UPI/bwhw6g3avvvp@oksbi/P2M/k5o5120o@ptbyl/Amazon
27/11/2021,,597.46,DR,4327.04,UPI/piexmyjscwh0@ybl/P2M/yoyf6u4f@ptbyl/BigBazaar
27/11/2021,,615.1,DR,3711.94,UPI/l5170zcm851q@okaxis/P2M/1c5k6htt@ptbsi/Amazon
27/11/2021,,70.84,DR,3641.1,UPI/q2xa2hms9i6v@ybl/P2M/fpq7yf14@paytm/BigBazaar
27/11/2021,267622,658.06,DR,2983.04,UPI/mno6mcu1a8se@paytm/P2M/rg0z82m9@ptbyl/Paytm
27/11/2021,314988,4346.19,CR,7329.23,UPI/dm1b8fcio7ur@okaxis
27/11/2021,,512.18,DR,6817.05,UPI/g5rgyzatpd4b@okaxis/P2M/twgdowr9@ptbyl/Edara
27/11/2021,369547,1350.62,DR,5466.43,UPI/dewq7tyq7kmh@paytm/P2M/o124ybvq@ptbyl/Amazon
27/11/2021,,440.25,DR,5026.18,UPI/kgfn0xmboank@okaxis/P2M/2k5bzznu@ptbsi/BigBazaar
27/11/2021,,18.26,DR,5007.92,UPI/r15ph6uzknmq@paytm/P2M/o0q0ulav@ptbyl/VENNA
27/11/2021,,1612.68,CR,6620.6,UPI/iew0pv4f2qsk@paytm
27/11/2021,,848.79,DR,5771.81,UPI/kznvsnj5ebqi@okaxis/P2M/2lxmb5ok@ptbyl/Amazon
27/11/2021,,336.67,DR,5435.14,UPI/7ddmqgn0ou9t@axl/P2M/qje5mw82@ptbsi/AxisBank
27/11/2021,634563,3382.83,CR,8817.97,UPI/efuly68uuroh@ybl
26/11/2021,,576.53,DR,8241.44,UPI/aod4eq21yvdj@ybl/P2M/yghu02wm@oksbi/Airtel
26/11/2021,,4504.62,CR,12746.06,UPI/ugoy7a7otew2@oksbi
26/11/2021,112289,265.79,DR,12480.27,UPI/y76px5xwisby@okaxis/P2M/0eeoa8u2@oksbi/Flipkart
26/11/2021,,2547.1,CR,15027.37,UPI/5p06qp2cinkt@paytm
26/11/2021,312991,1220.95,DR,13806.42,UPI/ecwrpz0efpgj@ybl/P2M/kbzra3p7@ptbyl/Edara
26/11/2021,323536,990.69,DR,12815.73,UPI/1i9purjz3oso@okaxis/P2M/8gu4p21t@ptbsi/AxisBank
26/11/2021,,679.95,DR,12135.78,UPI/rwe51kl5vous@axl/P2M/dxvenl1v@paytm/VENNA
26/11/2021,,242.57,DR,11893.21,UPI/bz34yxx2hg48@oksbi/P2M/yjqxirz6@ptbyl/VENNA
26/11/2021,156663,155.12,DR,11738.09,UPI/qdul3cnngm7r@oksbi/P2M/hva770aw@ptbyl/Edara
26/11/2021,598735,778.49,DR,10959.6,UPI/vrebhyy1eas3@axl/P2M/wd4uwvyd@oksbi/Airtel
26/11/2021,,739.72,DR,10219.88,UPI/v2wnjjvm4hkw@ybl/P2M/uou5lyyk@ptbyl/Chala
26/11/2021,766916,80.19,DR,10139.69,UPI/q8r8956d34z9@oksbi/P2M/jk97i5vt@paytm/Flipkart
26/11/2021,,2629.82,CR,12769.51,UPI/dp9tnobehzg8@okhdfc
25/11/2021,799090,1438.86,DR,11330.65,UPI/bhw2nastea0n@ybl/P2M/jxuvfb9n@ptbyl/AxisBank
25/11/2021,,13.86,DR,11316.79,UPI/uwdhlt7ywjyn@oksbi/P2M/6a0mx0fc@oksbi/Flipkart
25/11/2021,476575,1070.18,DR,10246.61,UPI/rg06p838xfkc@axl/P2M/83nmcdxi@paytm/Airtel
25/11/2021,,953.86,DR,9292.75,UPI/d85ehhrllmqt@axl/P2M/aaw2klux@ptbsi/AxisBank
25/11/2021,,1233.03,DR,8059.72,UPI/20wyp7c6bdwx@okaxis/P2M/vxm7x2ni@oksbi/Amazon
25/11/2021,152061,760.74,DR,7298.98,UPI/sr2q2ox0ca7x@okhdfc/P2M/k8t40qbz@paytm/BigBazaar
25/11/2021,,1417.55,DR,5881.43,UPI/42bv9d0tm0ts@okaxis/P2M/docatbjw@ptbsi/Paytm
25/11/2021,,694.73,DR,5186.7,UPI/mufj7z3q0v9y@okhdfc/P2M/pto90jpd@ptbyl/Airtel
25/11/2021,,784.98,DR,4401.72,UPI/cd61j90gm1jf@axl/P2M/8xblfvdz@paytm/Airtel
25/11/2021,413117,1398.22,DR,3003.5,UPI/h132nritsdjp@oksbi/P2M/3pfqnd6q@ptbyl/Edara
25/11/2021,,782.41,DR,2221.09,UPI/g0bjbsnu3qmx@paytm/P2M/dksv34gh@ptbyl/Amazon
25/11/2021,946057,774.8,DR,1446.29,UPI/xxnu1scmavua@okhdfc/P2M/6nb7gvj0@paytm/Amazon
25/11/2021,,1791.77,CR,3238.06,UPI/o8kgd76sh73e@oksbi
24/11/2021,,823.92,DR,2414.14,UPI/4pe2513c3qz2@okhdfc/P2M/t7bnvp4e@paytm/Flipkart
24/11/2021,,1348.07,DR,1066.07,UPI/h5k6mr1lfxz8@oksbi/P2M/ir4cgo8n@oksbi/Paytm
24/11/2021,,635.13,DR,430.94,UPI/x0zy99lyn5r8@oksbi/P2M/4advapl3@ptbsi/Edara
24/11/2021,,82.54,DR,348.4,UPI/cw2x4zjkwdfs@oksbi/P2M/vaf6s6i7@ptbyl/Amazon
24/11/2021,,124.04,DR,224.36,UPI/52pidcgkjsx3@paytm/P2M/of9v5rts@paytm/Airtel
24/11/2021,,298.96,CR,523.32,UPI/5zi3rku497wg@ybl
23/11/2021,,3992.8,CR,4516.12,UPI/j9io0wpej602@ybl
23/11/2021,,488.21,DR,4027.91,UPI/vysqb63as4fu@okaxis/P2M/nfps28wd@paytm/Edara
23/11/2021,154227,1425.89,DR,2602.02,UPI/x1dhn5bm3va1@paytm/P2M/z9agg8qx@ptbsi/BigBazaar
23/11/2021,,392.99,DR,2209.03,UPI/7bfuub5a0r4r@okaxis/P2M/hfedcm0x@paytm/Paytm
23/11/2021,631888,677.78,DR,1531.25,UPI/ifw2lp8rwddx@axl/P2M/pybb9zmt@oksbi/VENNA
23/11/2021,534851,1141.97,DR,389.28,UPI/564jcc8g4i6k@okhdfc/P2M/jk1ivih3@ptbyl/BigBazaar
22/11/2021,977788,1160.84,CR,1550.12,UPI/cl0vxuky1lod@paytm
22/11/2021,,3718.38,CR,5268.5,UPI/1qn3idumd1kw@okhdfc
22/11/2021,,393.38,DR,4875.12,UPI/6hflsrjuqnin@axl/P2M/e2pol4y5@oksbi/Edara
22/11/2021,,1424.21,DR,3450.91,UPI/id5haqa1yzqc@ybl/P2M/zwekhkuj@paytm/AxisBank
22/11/2021,,118.46,DR,3332.45,UPI/9sz6tc0eqfhk@okaxis/P2M/1e4ky080@paytm/VENNA
22/11/2021,337066,708.55,DR,2623.9,UPI/g40ezdz36i0c@ybl/P2M/f47eunv6@ptbsi/BigBazaar
22/11/2021,,1034.98,DR,1588.92,UPI/vub0mxrnoabq@axl/P2M/gsxpd7ol@paytm/Chala
22/11/2021,,1256.59,DR,332.33,UPI/1baeqd3033ks@okhdfc/P2M/tx85uj49@paytm/BigBazaar
22/11/2021,,3160.31,CR,3492.64,UPI/z6zc1vo4blib@oksbi
22/11/2021,,33.96,DR,3458.68,UPI/mft99zoez7tv@paytm/P2M/uo4fichx@paytm/Flipkart
22/11/2021,,1437.24,DR,2021.44,UPI/rvfnqcfyk1sd@paytm/P2M/nv8d5tqh@oksbi/BigBazaar
22/11/2021,647259,1086.53,DR,934.91,UPI/uwex7ry4dlfy@axl/P2M/d0rdyb8z@ptbsi/Paytm
21/11/2021,,712.03,DR,222.88,UPI/zho6621ddk98@ybl/P2M/zt9xizio@oksbi/Airtel
21/11/2021,625661,448.43,CR,671.31,UPI/5e6pea7szv3m@oksbi
21/11/2021,,185.09,DR,486.22,UPI/oizzd5ge7x9l@okhdfc/P2M/klaval9t@paytm/VENNA
21/11/2021,,139.04,DR,347.18,UPI/k4oxcynqneng@paytm/P2M/bccbzvdp@oksbi/Chala
21/11/2021,,187.63,DR,159.55,UPI/vi943rdnlgqk@axl/P2M/afar7grt@ptbsi/BigBazaar
21/11/2021,,109.69,DR,49.86,UPI/oyvzlz7wh6h9@okhdfc/P2M/z1djx34l@oksbi/Amazon
21/11/2021,,4406.39,CR,4456.25,UPI/xvsfqolbfv29@okhdfc
20/11/2021,822434,369.19,DR,4087.06,UPI/4run8cyus59l@okhdfc/P2M/o08v59c3@ptbsi/Airtel
20/11/2021,940369,180.32,DR,3906.74,UPI/x8ll4tg60gxs@ybl/P2M/zmue252s@oksbi/Paytm
20/11/2021,544375,1073.94,DR,2832.8,UPI/ym5j9af8h742@ybl/P2M/uigtv1en@paytm/AxisBank
20/11/2021,,1462.15,DR,1370.65,UPI/ex1ya1p0ldws@okhdfc/P2M/1pd5vs62@paytm/Flipkart
20/11/2021,,1077.45,DR,293.2,UPI/h1nunbaoc167@okaxis/P2M/ga7puujz@paytm/Paytm
20/11/2021,,203.2,DR,90.0,UPI/fftt1b32q2p8@ybl/P2M/7vyaxu60@oksbi/VENNA
19/11/2021,,4904.8,CR,4994.8,UPI/gzru54pehayo@ybl
19/11/2021,351322,429.34,DR,4565.46,UPI/3jk0g3gdb919@paytm/P2M/67wfbgx5@ptbsi/Edara
19/11/2021,,1576.81,CR,6142.27,UPI/wi8rvnzknf0n@okhdfc
19/11/2021,,885.56,DR,5256.71,UPI/fhlz28qhn6zt@axl/P2M/ngt0tea2@ptbyl/Paytm
19/11/2021,,1158.42,DR,4098.29,UPI/10g6ikh3s3ym@okaxis/P2M/6ylfx18p@oksbi/Amazon
19/11/2021,952987,99.69,DR,3998.6,UPI/dkwe64lgz73u@ybl/P2M/ti15yja8@ptbsi/Chala
19/11/2021,,724.09,DR,3274.51,UPI/g8cydb1l5fli@axl/P2M/v8uixk3n@ptbsi/Flipkart
19/11/2021,,603.5,DR,2671.01,UPI/6zdwveds676y@okhdfc/P2M/iv6w45nt@ptbsi/Flipkart
19/11/2021,934694,4525.79,CR,7196.8,UPI/55gag5pf9z2x@ybl
19/11/2021,,1176.31,DR,6020.49,UPI/iui5fxe1rjkq@ybl/P2M/3dkw4zea@ptbsi/AxisBank
18/11/2021,207879,592.15,DR,5428.34,UPI/ggui46wlce3e@ybl/P2M/b7x60suc@oksbi/VENNA
18/11/2021,,1324.19,DR,4104.15,UPI/rrjvdz5fb8ck@okhdfc/P2M/5vl8dhcf@ptbyl/VENNA
18/11/2021,672891,1337.81,CR,5441.96,UPI/xj1nmrrbcxba@ybl
18/11/2021,,1889.67,CR,7331.63,UPI/60b5gesxxx94@oksbi
18/11/2021,,401.74,DR,6929.89,UPI/k5p13ci1n4id@axl/P2M/klim8wld@ptbsi/BigBazaar
18/11/2021,,439.67,DR,6490.22,UPI/me4lvfqq1r7y@okaxis/P2M/zzvca0be@paytm/Paytm
18/11/2021,368295,289.75,DR,6200.47,UPI/6ek7hmmyb7il@ybl/P2M/fprhy2bi@oksbi/AxisBank
18/11/2021,484793,832.21,DR,5368.26,UPI/f4q0q8ld048y@okhdfc/P2M/9s6b8pzz@ptbyl/VENNA
18/11/2021,694801,165.8,DR,5202.46,UPI/94ny9wl80mc8@ybl/P2M/79em0q7x@paytm/Edara
18/11/2021,,3348.64,CR,8551.1,UPI/qm485g8x3u1g@okaxis
18/11/2021,186292,104.52,DR,8446.58,UPI/x7c2y597vh8v@paytm/P2M/oil7dq72@paytm/Amazon
18/11/2021,359375,135.24,DR,8311.34,UPI/yaxekcjohnfp@okhdfc/P2M/5iebduyy@oksbi/Airtel
18/11/2021,208181,810.08,DR,7501.26,UPI/sxbmabd308pe@oksbi/P2M/9ydz5oh9@oksbi/Amazon
17/11/2021,961480,1045.45,DR,6455.81,UPI/seo32d59eqtu@okhdfc/P2M/afxpcguu@ptbyl/Amazon
17/11/2021,,1276.4,DR,5179.41,UPI/rcve5uu9tksk@okaxis/P2M/fiesfpnt@paytm/Flipkart
17/11/2021,,269.44,DR,4909.97,UPI/rw1xw74dcd0z@oksbi/P2M/jvfeywu8@ptbyl/Paytm
17/11/2021,,470.94,DR,4439.03,UPI/18t9oum4uhq9@okaxis/P2M/kvlhvwgf@oksbi/VENNA
17/11/2021,570739,1143.74,DR,3295.29,UPI/he1wa2ikmdhg@okaxis/P2M/ux8a1oed@ptbsi/Paytm
17/11/2021,,831.85,DR,2463.44,UPI/8zf6gomztj8j@axl/P2M/kwwt1lwp@oksbi/Flipkart
17/11/2021,,624.22,DR,1839.22,UPI/187x06d6v90b@okaxis/P2M/n3m3a3ue@ptbyl/Airtel
17/11/2021,144188,1056.21,DR,783.01,UPI/ktj8ktrasrv7@oksbi/P2M/wdigqi58@paytm/BigBazaar
17/11/2021,639414,165.69,DR,617.32,UPI/7zsa2w1dh4nx@oksbi/P2M/jccro7r6@paytm/AxisBank
16/11/2021,,491.64,DR,125.68,UPI/hb4l4ghmc67j@paytm/P2M/ca1c98fl@ptbyl/AxisBank
16/11/2021,338915,3727.55,CR,3853.23,UPI/dnqsal6l4esm@ybl
16/11/2021,363392,786.5,DR,3066.73,UPI/7zfhegffhxji@axl/P2M/q54sj1d8@oksbi/VENNA
16/11/2021,195173,467.1,DR,2599.63,UPI/xztjmzwh05i6@oksbi/P2M/szb14cm7@ptbyl/Flipkart
16/11/2021,243988,223.4,DR,2376.23,UPI/gr8jn17k8ku5@axl/P2M/j4dqwzlo@oksbi/BigBazaar
16/11/2021,,273.94,DR,2102.29,UPI/zaqqdhxyzcid@okaxis/P2M/fe47mz7f@paytm/AxisBank
16/11/2021,,786.67,CR,2888.96,UPI/bp2gvjzg7h2n@okhdfc
16/11/2021,248754,1242.41,DR,1646.55,UPI/wah4xrt3r33r@axl/P2M/pbidb7mb@paytm/Edara
16/11/2021,943793,889.65,DR,756.9,UPI/i7ajzntvirzi@okhdfc/P2M/zeu59lyx@paytm/Paytm
16/11/2021,,267.09,DR,489.81,UPI/u4qb0ujam7eq@ybl/P2M/6v5jtj0f@ptbyl/Flipkart
15/11/2021,694649,161.93,DR,327.88,UPI/d39i8vgq885u@okaxis/P2M/b31tjq4c@oksbi/VENNA
15/11/2021,565356,4741.55,CR,5069.43,UPI/ttm1olv4m8ky@axl
15/11/2021,,1118.95,DR,3950.48,UPI/ypuq2hvcjaip@oksbi/P2M/ecy3iwbq@paytm/Amazon
15/11/2021,,508.9,DR,3441.58,UPI/fdvxh9b6smma@ybl/P2M/719n46v1@ptbsi/AxisBank
15/11/2021,228973,2977.22,CR,6418.8,UPI/4wgm27nnf7ap@paytm
15/11/2021,,974.42,DR,5444.38,UPI/qbhtjuq2269m@ybl/P2M/45n5xi1h@ptbsi/Flipkart
15/11/2021,,145.12,DR,5299.26,UPI/tb1rssdbmzfh@oksbi/P2M/sak6vdwo@paytm/AxisBank
15/11/2021,268261,48.18,DR,5251.08,UPI/dx4w6o9r4z5z@okaxis/P2M/ncwncs4d@ptbyl/Paytm
14/11/2021,,45.81,DR,5205.27,UPI/jafjstg054ex@paytm/P2M/fl98t6o4@paytm/Airtel
14/11/2021,232453,26.26,DR,5179.01,UPI/6b06ui1h8wh6@paytm/P2M/go4ma1mr@ptbyl/Airtel
14/11/2021,164869,577.66,DR,4601.35,UPI/i5oxxubnhvn1@paytm/P2M/ovmfeduc@ptbsi/Flipkart
14/11/2021,,92.68,DR,4508.67,UPI/k6hhqsvpif58@okhdfc/P2M/zgpwi6dt@ptbsi/Paytm
14/11/2021,703119,1234.55,DR,3274.12,UPI/aii4xwfb8nr8@okaxis/P2M/52n8vi0l@ptbsi/Flipkart
14/11/2021,,662.2,CR,3936.32,UPI/n7crzgbdi07t@oksbi
14/11/2021,,33.39,DR,3902.93,UPI/rqcdl8jp0vcs@ybl/P2M/1px8cd5z@ptbyl/VENNA
14/11/2021,392810,871.81,DR,3031.12,UPI/ci7a69qk4l4t@okaxis/P2M/9hlhjdm6@ptbyl/Flipkart
14/11/2021,,982.13,DR,2048.99,UPI/wnx3gd1r8y72@oksbi/P2M/wc330iao@ptbsi/AxisBank
14/11/2021,373658,669.8,DR,1379.19,UPI/erjskj6s3rok@ybl/P2M/p70ca787@ptbyl/Chala
14/11/2021,,319.84,DR,1059.35,UPI/m78gkewe9fzc@paytm/P2M/cd0t6nj4@ptbsi/Chala
14/11/2021,,201.55,DR,857.8,UPI/ryqqkuicyyvd@okaxis/P2M/vzhkl9rs@ptbyl/Chala
14/11/2021,,406.07,DR,451.73,UPI/6jgndsbrg3kh@paytm/P2M/b10iezvx@paytm/BigBazaar
13/11/2021,,156.62,DR,295.11,UPI/rmry6gzfm5ai@axl/P2M/jf5ylsta@oksbi/Amazon
13/11/2021,,273.67,DR,21.44,UPI/mjrci7zx0fk9@oksbi/P2M/a8s9a3bt@ptbyl/Flipkart
13/11/2021,,4055.56,CR,4077.0,UPI/c4gko36trmmi@okhdfc
13/11/2021,,1463.12,DR,2613.88,UPI/yitctwqppz04@paytm/P2M/yqb2nm3k@ptbsi/Edara
13/11/2021,,4581.18,CR,7195.06,UPI/ypsagvuresvo@okaxis
13/11/2021,493011,118.84,DR,7076.22,UPI/d39dabh9cne4@okhdfc/P2M/1qbgpzey@paytm/VENNA
13/11/2021,,354.78,DR,6721.44,UPI/7useu4n90857@ybl/P2M/x52j87dg@oksbi/Flipkart
12/11/2021,,1045.42,DR,5676.02,UPI/mhtapz1ojlxg@oksbi/P2M/xhtveymj@oksbi/Airtel
12/11/2021,,721.47,DR,4954.55,UPI/i1mp2v7efivl@ybl/P2M/chqi58s9@ptbsi/Paytm
12/11/2021,,132.0,DR,4822.55,UPI/kg4u1bbnpa84@okhdfc/P2M/tp61fx91@paytm/Chala
12/11/2021,571024,1126.32,DR,3696.23,UPI/iitge80tebdx@oksbi/P2M/pssr5ql2@ptbyl/Paytm
12/11/2021,,2854.36,CR,6550.59,UPI/4y50xh646mt0@paytm
12/11/2021,898116,517.53,DR,6033.06,UPI/grdorljvmsqf@oksbi/P2M/5w84zsaz@ptbyl/Airtel
12/11/2021,832094,501.82,DR,5531.24,UPI/8ec17wvcf9ke@oksbi/P2M/etohy4v1@paytm/Flipkart
12/11/2021,,1257.67,DR,4273.57,UPI/krrdkljlrebu@axl/P2M/hws3ew4e@paytm/Paytm
12/11/2021,,959.92,DR,3313.65,UPI/rz5la1u3i73o@ybl/P2M/3qnmsy4d@oksbi/VENNA
12/11/2021,263087,954.04,DR,2359.61,UPI/x10u5vk56acm@okhdfc/P2M/tg8uuemm@ptbsi/BigBazaar
12/11/2021,,3273.29,CR,5632.9,UPI/k94kcpbwnf4a@oksbi
12/11/2021,,696.76,DR,4936.14,UPI/d2h5fdlspirm@okaxis/P2M/u8gohwy4@oksbi/VENNA
12/11/2021,942433,895.48,DR,4040.66,UPI/lz8orxomu9bk@okaxis/P2M/6398nuus@oksbi/BigBazaar
11/11/2021,,81.07,DR,3959.59,UPI/q2fdt5tv0m2j@okaxis/P2M/svhfir77@ptbsi/Amazon
11/11/2021,,1042.83,DR,2916.76,UPI/ykcd1y25leq1@paytm/P2M/ddp11441@paytm/Chala
11/11/2021,,294.61,DR,2622.15,UPI/e1pqx4akx6zw@okhdfc/P2M/lnretrew@paytm/Chala
11/11/2021,285086,1224.2,DR,1397.95,UPI/cc4tlu47r5tw@okaxis/P2M/5jlchong@ptbsi/Paytm
11/11/2021,,290.39,DR,1107.56,UPI/2tfarrx3pw2s@ybl/P2M/p9pqwg9j@ptbyl/Airtel
11/11/2021,451865,196.15,DR,911.41,UPI/cgwycgaaqd61@paytm/P2M/t86owt6p@ptbyl/Flipkart
11/11/2021,995896,579.71,DR,331.7,UPI/8dxg7r7uijiq@paytm/P2M/us1upo6i@ptbsi/BigBazaar
11/11/2021,,282.13,DR,49.57,UPI/cmaxjvuzdtq0@oksbi/P2M/1gysvfpq@oksbi/Airtel
10/11/2021,826795,1559.71,CR,1609.28,UPI/ls2s3r1i77nj@paytm
10/11/2021,951348,466.02,DR,1143.26,UPI/82gfj5ns6m2p@okaxis/P2M/213rfufp@oksbi/Amazon
10/11/2021,,3266.91,CR,4410.17,UPI/en3x8cfmwxzu@axl
10/11/2021,440307,206.65,DR,4203.52,UPI/jfrdixq893gw@okaxis/P2M/6bj5ogxe@ptbsi/AxisBank
10/11/2021,473603,4619.44,CR,8822.96,UPI/p2uodjknsunj@ybl
10/11/2021,959933,118.36,DR,8704.6,UPI/48hwcpivjwn7@axl/P2M/uyljjdm5@paytm/VENNA
10/11/2021,843706,1438.14,DR,7266.46,UPI/bysu6me21akv@paytm/P2M/gmfwiwk6@ptbyl/VENNA
10/11/2021,,2975.3,CR,10241.76,UPI/lgtx4iqaeqx8@ybl
10/11/2021,113603,1473.95,DR,8767.81,UPI/s3teiqyzi4pg@okaxis/P2M/rylwgthx@oksbi/AxisBank
10/11/2021,,1790.97,CR,10558.78,UPI/1o9c720ehlvm@okaxis
10/11/2021,,1457.42,CR,12016.2,UPI/mzc803gpl6up@ybl
10/11/2021,590071,1186.27,CR,13202.47,UPI/ey5h48mqj62v@okhdfc
10/11/2021,118920,3922.66,CR,17125.13,UPI/vonahl4s8ep5@ybl
09/11/2021,,1469.88,CR,18595.01,UPI/8bgri8g4l2bs@ybl
09/11/2021,936570,990.1,DR,17604.91,UPI/dsk1ihyqsgsr@okaxis/P2M/szkje857@oksbi/AxisBank
09/11/2021,,897.28,DR,16707.63,UPI/avffjxgbhoxy@ybl/P2M/lyta4pb5@ptbsi/Airtel
09/11/2021,,1494.11,DR,15213.52,UPI/xjee0wbe7ih5@ybl/P2M/t9rm9det@paytm/Flipkart
09/11/2021,862826,740.57,DR,14472.95,UPI/2q0pzp1a9cg4@oksbi/P2M/m05ohu30@paytm/AxisBank
09/11/2021,,1202.59,DR,13270.36,UPI/0xo5n4xn25xm@axl/P2M/r9iud15f@paytm/BigBazaar
09/11/2021,,1479.3,DR,11791.06,UPI/5a8758ne1h56@ybl/P2M/cjtevc2s@ptbsi/Paytm
09/11/2021,,1168.08,DR,10622.98,UPI/17nu8t18fmt9@okhdfc/P2M/yb1dnyiy@ptbyl/VENNA
09/11/2021,,1129.12,DR,9493.86,UPI/hv1l5q73npnh@paytm/P2M/kmgolr3c@ptbsi/VENNA
09/11/2021,,993.79,DR,8500.07,UPI/4o0zxl2uvw86@okaxis/P2M/qoqx4g88@paytm/Airtel
09/11/2021,780851,1416.89,DR,7083.18,UPI/8e5ho30udx9g@okhdfc/P2M/1jjjyh0k@paytm/Paytm
09/11/2021,,4254.25,CR,11337.43,UPI/guag6wbz61a8@axl
09/11/2021,,910.16,DR,10427.27,UPI/mtlozjor8gzr@okhdfc/P2M/c1mvtnrb@ptbyl/Amazon
08/11/2021,800056,948.66,DR,9478.61,UPI/z5jcb5g3c45v@ybl/P2M/i8s3d8vu@ptbyl/VENNA
08/11/2021,,1427.09,DR,8051.52,UPI/mp5zbrqqbvax@axl/P2M/n5nzcayb@ptbyl/BigBazaar
08/11/2021,,1006.62,DR,7044.9,UPI/oxh6keukiglg@ybl/P2M/cl33aapd@paytm/Chala
08/11/2021,,498.12,DR,6546.78,UPI/nkpz70nfnkld@paytm/P2M/mo7r5n8p@paytm/Chala
08/11/2021,,1277.65,DR,5269.13,UPI/q6jxa2m8m0rb@okhdfc/P2M/bfmgsxi1@ptbyl/Amazon
08/11/2021,,1249.22,DR,4019.91,UPI/exfh16az24ay@oksbi/P2M/vgc122rx@ptbsi/Chala
08/11/2021,,586.97,DR,3432.94,UPI/hesudj0nwoql@ybl/P2M/b7ewbf99@oksbi/Flipkart
08/11/2021,807955,1316.87,CR,4749.81,UPI/aj3rm2vndd9k@okaxis
08/11/2021,,1235.6,DR,3514.21,UPI/bds6ifkybo9v@paytm/P2M/5ysd5ss6@ptbsi/Edara
08/11/2021,103906,369.4,DR,3144.81,UPI/g9ig2qd565t9@axl/P2M/6p1gefcp@ptbyl/AxisBank
08/11/2021,,352.62,DR,2792.19,UPI/bwcku8kr98lf@ybl/P2M/g04cttgf@ptbsi/Edara
08/11/2021,,484.2,DR,2307.99,UPI/gh5xk9890qln@axl/P2M/9hgd72ej@ptbyl/Airtel
08/11/2021,,153.78,DR,2154.21,UPI/y8n5ypnsq06a@axl/P2M/w21awrgh@oksbi/Edara
07/11/2021,187388,625.07,DR,1529.14,UPI/t8e321ojq46a@okhdfc/P2M/7j9atau9@paytm/VENNA
07/11/2021,,200.16,DR,1328.98,UPI/0eaedea8eyf5@axl/P2M/yoh3dcl2@ptbsi/Airtel
07/11/2021,546556,1085.17,DR,243.81,UPI/ll6i5g3sv92p@ybl/P2M/p0rfpx67@oksbi/BigBazaar
07/11/2021,448597,2079.1,CR,2322.91,UPI/y1smcy4b4epd@axl
07/11/2021,,1153.39,CR,3476.3,UPI/ppb6trzayyx1@oksbi
07/11/2021,895455,86.86,DR,3389.44,UPI/430hrwurrfg6@okhdfc/P2M/uqdq2i9p@oksbi/Airtel
07/11/2021,,1315.58,DR,2073.86,UPI/auppu58e0h1x@okaxis/P2M/zc405c9m@ptbsi/Paytm
07/11/2021,,567.67,DR,1506.19,UPI/kfpjqijmwws7@axl/P2M/dzcgz33d@ptbsi/Airtel
07/11/2021,376165,662.11,DR,844.08,UPI/jlaukd2h08om@axl/P2M/hg480vmi@paytm/AxisBank
07/11/2021,,543.73,DR,300.35,UPI/yn7vr8amoxv6@oksbi/P2M/xt0eb7ns@paytm/VENNA
07/11/2021,697519,174.68,DR,125.67,UPI/0laizzghw164@axl/P2M/xtflojmc@oksbi/BigBazaar
06/11/2021,542746,51.67,DR,74.0,UPI/u35cxo4gm1o4@axl/P2M/xjzat1eu@ptbsi/Chala
06/11/2021,147236,970.19,CR,1044.19,UPI/ulychajibwd0@okhdfc
05/11/2021,,770.31,DR,273.88,UPI/0ygwa0yuzubg@oksbi/P2M/ugzzau5v@paytm/Edara
05/11/2021,555113,2373.02,CR,2646.9,UPI/yo16tbyao5y0@ybl
05/11/2021,,748.51,DR,1898.39,UPI/j3pec70mqiaz@axl/P2M/6zcsb1qz@ptbyl/AxisBank
05/11/2021,,1132.83,DR,765.56,UPI/s411un7lkk9w@okhdfc/P2M/ewn3cqvx@ptbyl/Edara
05/11/2021,734139,77.37,DR,688.19,UPI/hy94wvuiffin@ybl/P2M/h8j2yebn@oksbi/VENNA
04/11/2021,,1965.56,CR,2653.75,UPI/f5hsacrfmqyn@oksbi
04/11/2021,271397,667.55,DR,1986.2,UPI/dmtgfb9qeaxw@axl/P2M/mh1jsam5@oksbi/Airtel
04/11/2021,,1166.07,DR,820.13,UPI/iup805hn003w@okaxis/P2M/ck5q4nnl@ptbyl/BigBazaar
04/11/2021,906558,701.2,DR,118.93,UPI/wfbcxz3ywbty@paytm/P2M/ghrb6dmc@ptbyl/Flipkart
04/11/2021,,3729.99,CR,3848.92,UPI/rbnjc11s53yx@okaxis
04/11/2021,514567,299.0,DR,3549.92,UPI/4edcv3tuuafj@okhdfc/P2M/y9ku1b6i@ptbsi/Edara
04/11/2021,,238.8,DR,3311.12,UPI/wn6xhb2y4els@paytm/P2M/fjxlbabj@oksbi/AxisBank
04/11/2021,,3227.68,CR,6538.8,UPI/789gxsac7zti@okaxis
04/11/2021,,530.14,DR,6008.66,UPI/kewgmnd83qgo@axl/P2M/j29w0mcd@oksbi/Paytm
04/11/2021,,285.58,DR,5723.08,UPI/hywnzsn7097u@okhdfc/P2M/arp89lw6@paytm/Chala
03/11/2021,,1070.67,DR,4652.41,UPI/oylslxrxb80x@okaxis/P2M/p3nd0mda@ptbyl/Flipkart
03/11/2021,,924.29,DR,3728.12,UPI/v0cl0p99uc47@paytm/P2M/ht9cz66h@ptbyl/Edara
03/11/2021,891508,1211.54,DR,2516.58,UPI/oe57xfgdo4gc@okaxis/P2M/ihk90qf8@oksbi/VENNA
03/11/2021,850873,204.85,DR,2311.73,UPI/am2vafdi8fr3@okhdfc/P2M/rxwfn01j@ptbyl/Paytm
03/11/2021,288769,3913.25,CR,6224.98,UPI/ax6usv0gok66@okhdfc
03/11/2021,,899.86,CR,7124.84,UPI/rkbj0jjpvw8q@paytm
03/11/2021,,749.36,DR,6375.48,UPI/3qr7s6olvay7@ybl/P2M/e3se1fjd@ptbsi/Amazon
03/11/2021,564205,2138.62,CR,8514.1,UPI/onjp6x18qxx2@paytm
03/11/2021,486136,622.25,DR,7891.85,UPI/sexkefnynnju@ybl/P2M/p225p4td@ptbyl/Amazon
03/11/2021,,1473.92,DR,6417.93,UPI/q84k3id30w6o@axl/P2M/sfipnl9p@ptbsi/BigBazaar
03/11/2021,,423.51,DR,5994.42,UPI/uxablqge9opa@oksbi/P2M/ag6lwhm4@ptbyl/Chala
03/11/2021,,1493.04,DR,4501.38,UPI/1cpsgxc25as6@axl/P2M/pkv29tr4@oksbi/Airtel
03/11/2021,,636.7,DR,3864.68,UPI/povsavjq855y@okhdfc/P2M/dqfanulx@ptbyl/AxisBank
02/11/2021,,985.05,DR,2879.63,UPI/y45sgl06y8ur@oksbi/P2M/vpx57r82@paytm/AxisBank
02/11/2021,,1333.78,DR,1545.85,UPI/ptvpgge2xtwl@paytm/P2M/i0gijlny@oksbi/Flipkart
02/11/2021,214940,1971.83,CR,3517.68,UPI/siv40l174466@oksbi
02/11/2021,501748,800.17,DR,2717.51,UPI/knr26f61rxz9@paytm/P2M/qcufeu07@paytm/BigBazaar
02/11/2021,,429.83,DR,2287.68,UPI/yyydm0orkvd2@okhdfc/P2M/0y9zzelf@oksbi/Airtel
02/11/2021,,867.84,DR,1419.84,UPI/ji6ki4w7vj23@axl/P2M/w56usn92@paytm/Amazon
02/11/2021,,1121.64,DR,298.2,UPI/eckx6cui02p7@oksbi/P2M/5t2khjmj@oksbi/Airtel
02/11/2021,,246.62,DR,51.58,UPI/h06zatk3zmn8@axl/P2M/u2lj8k8z@ptbyl/AxisBank
31/10/2021,,952.74,CR,1004.32,UPI/zmjbmzu0yfa4@okaxis
31/10/2021,,678.37,DR,325.95,UPI/s1c49vgabr7m@ybl/P2M/gxunptm8@ptbyl/Amazon
30/10/2021,850932,150.82,DR,175.13,UPI/oi0ofow0p76x@ybl/P2M/mhp8weyd@ptbyl/BigBazaar
30/10/2021,397960,4161.14,CR,4336.27,UPI/bq5on6y97lhe@okhdfc
30/10/2021,,1432.03,DR,2904.24,UPI/z0im3rius15l@okaxis/P2M/a3fyzvy3@ptbsi/Amazon
30/10/2021,784130,544.25,DR,2359.99,UPI/d5zt6604vx2v@okhdfc/P2M/kj2dsf61@paytm/Chala
30/10/2021,673520,596.22,DR,1763.77,UPI/rzweswn9h7ge@ybl/P2M/r4fjkbfw@paytm/Paytm
30/10/2021,,1121.49,DR,642.28,UPI/qb393vf7734f@axl/P2M/0sj0i16a@paytm/AxisBank
29/10/2021,,23.63,DR,618.65,UPI/vh4bqpw47dtu@axl/P2M/n5wltfs6@ptbyl/Paytm
29/10/2021,,152.97,DR,465.68,UPI/rvaxz962fmoc@ybl/P2M/5c4j83c6@oksbi/AxisBank
29/10/2021,,491.13,CR,956.81,UPI/we30nou09rzv@oksbi
28/10/2021,769141,803.25,DR,153.56,UPI/fxy8ohkitpiz@okaxis/P2M/52t8pn7n@oksbi/Flipkart
28/10/2021,236127,4436.42,CR,4589.98,UPI/b2atkivx9hxp@paytm
28/10/2021,632369,153.47,DR,4436.51,UPI/n8cb8039n8th@okhdfc/P2M/sg3zzjrq@ptbsi/Chala
28/10/2021,415276,4239.21,CR,8675.72,UPI/01uyr6domg4z@ybl
28/10/2021,596652,1345.81,DR,7329.91,UPI/ly7n01rryxum@ybl/P2M/ti6xhil8@oksbi/Paytm
28/10/2021,,244.72,DR,7085.19,UPI/qt93sbwf7iur@ybl/P2M/5jgcm6pz@ptbsi/BigBazaar
28/10/2021,956872,727.5,DR,6357.69,UPI/qdeetvyeciu2@oksbi/P2M/xg0w9kar@ptbyl/Paytm
27/10/2021,,815.29,DR,5542.4,UPI/g9bdpcyurq1a@okhdfc/P2M/a7cap5vy@ptbsi/Paytm
27/10/2021,997582,566.7,DR,4975.7,UPI/20iltqdx48kx@okaxis/P2M/fy0feks6@oksbi/Paytm
27/10/2021,,175.01,DR,4800.69,UPI/l2lqaeans4f6@paytm/P2M/gr4ifwxd@ptbsi/Airtel
27/10/2021,,423.9,DR,4376.79,UPI/5wbs0utyddro@oksbi/P2M/odyyv9n1@oksbi/BigBazaar
27/10/2021,780538,811.41,DR,3565.38,UPI/wnta0rgcj7o2@ybl/P2M/o63hbi2z@paytm/VENNA
27/10/2021,,51.16,DR,3514.22,UPI/l3mg9km4b6qy@axl/P2M/yyspyw9a@ptbsi/AxisBank
27/10/2021,,514.41,DR,2999.81,UPI/52r6lmcgntue@okhdfc/P2M/dr2jzhwy@oksbi/AxisBank
27/10/2021,965640,287.49,DR,2712.32,UPI/vyr4nfr6ka5i@okhdfc/P2M/9pws7ym1@ptbyl/Paytm
27/10/2021,,1037.04,DR,1675.28,UPI/tk0mdzehp405@axl/P2M/0oq1759p@ptbyl/Amazon
27/10/2021,,32.89,DR,1642.39,UPI/a0lyg6edpv3e@okhdfc/P2M/i1l0f19m@ptbyl/Edara
27/10/2021,591962,1489.13,DR,153.26,UPI/lj0hpheo0tqm@paytm/P2M/cqf2ukf8@ptbsi/Edara
26/10/2021,,952.0,CR,1105.26,UPI/kvhvajbtn8ic@ybl
26/10/2021,975356,3974.56,CR,5079.82,UPI/4tpov3kwf8n6@okhdfc
26/10/2021,,36.13,DR,5043.69,UPI/07b2fsv9kvnu@oksbi/P2M/sjmbl2y2@paytm/BigBazaar
25/10/2021,,2053.88,CR,7097.57,UPI/ic7qxnqgjebx@ybl
25/10/2021,339734,828.32,DR,6269.25,UPI/y2npuv4i16hn@okhdfc/P2M/9cqlgb8l@paytm/VENNA
25/10/2021,,4405.88,CR,10675.13,UPI/vu84f3bawkmg@okaxis
25/10/2021,774549,1318.34,DR,9356.79,UPI/7g3ylpqxyhtu@oksbi/P2M/y4mhfge2@ptbsi/Paytm
25/10/2021,,109.12,DR,9247.67,UPI/ea24hfecmp0j@okaxis/P2M/6uwo8aan@oksbi/VENNA
25/10/2021,,1209.7,DR,8037.97,UPI/nsh9m2yrp3od@okaxis/P2M/3zeffgfo@ptbyl/Paytm
25/10/2021,561349,4122.18,CR,12160.15,UPI/dxrtbllruzfw@okhdfc
25/10/2021,115495,1308.71,DR,10851.44,UPI/1i09gvre8u3i@paytm/P2M/mozq6mo2@oksbi/BigBazaar
25/10/2021,680655,1232.24,DR,9619.2,UPI/dv5aubde2hhm@axl/P2M/yv9h8zgh@ptbsi/Chala
25/10/2021,,60.12,DR,9559.08,UPI/sm1x4gq1pbpd@okaxis/P2M/2c4btpul@ptbyl/Airtel
25/10/2021,570437,132.21,DR,9426.87,UPI/nppnm67bh8c0@paytm/P2M/2tgznb54@ptbyl/AxisBank
25/10/2021,,18.83,DR,9408.04,UPI/p8g6lo22gwj8@ybl/P2M/ihd8lzog@ptbsi/Chala
25/10/2021,,4968.25,CR,14376.29,UPI/9f414417xast@okhdfc
24/10/2021,,506.56,DR,13869.73,UPI/5hy4cjzsb7u8@okaxis/P2M/36j9u6mu@ptbyl/Chala
24/10/2021,,492.97,DR,13376.76,UPI/8i3n7df24o2q@axl/P2M/99cyeget@ptbyl/VENNA
24/10/2021,,472.48,DR,12904.28,UPI/tlailyovnh25@ybl/P2M/5cr7h5xa@ptbyl/Paytm
24/10/2021,871533,1316.98,DR,11587.3,UPI/mf4n4aw7chrg@okhdfc/P2M/4y839pl8@ptbyl/Airtel
24/10/2021,,935.22,DR,10652.08,UPI/y8oq6c6b1p9v@ybl/P2M/02t1dojz@oksbi/Edara
24/10/2021,,82.87,DR,10569.21,UPI/fukrod3mw704@ybl/P2M/k37r8vyg@paytm/VENNA
24/10/2021,826948,857.83,DR,9711.38,UPI/meeejugxjuyv@ybl/P2M/05jo3zls@paytm/Chala
24/10/2021,138285,1009.64,DR,8701.74,UPI/p82mxe8uu1e9@okhdfc/P2M/hsy1b6pl@oksbi/VENNA
24/10/2021,563892,4608.18,CR,13309.92,UPI/9btj2xru4q1u@oksbi
24/10/2021,688208,695.23,DR,12614.69,UPI/ozxy5rf4w349@okaxis/P2M/frsloa5x@paytm/Edara
24/10/2021,,2853.94,CR,15468.63,UPI/cnl2sewuctml@okaxis
24/10/2021,,25.3,DR,15443.33,UPI/jznnxfiguhxs@oksbi/P2M/bko6k532@ptbyl/BigBazaar
24/10/2021,,1391.8,DR,14051.53,UPI/pxk02fjgi1o8@ybl/P2M/kpi0eamj@ptbsi/VENNA
23/10/2021,,365.97,DR,13685.56,UPI/ph8c8jqs44gp@okaxis/P2M/l2k0whi5@paytm/Amazon
23/10/2021,,1166.18,DR,12519.38,UPI/x5hskclxjsb7@oksbi/P2M/qaxr42dr@ptbyl/BigBazaar
23/10/2021,308088,938.47,DR,11580.91,UPI/q844qc2yz466@okhdfc/P2M/kkhe05zy@paytm/VENNA
23/10/2021,232466,818.36,DR,10762.55,UPI/qkogst2jqxe3@okhdfc/P2M/1k3p3uxp@ptbsi/Edara
23/10/2021,,755.88,DR,10006.67,UPI/jihxgtvflbif@okaxis/P2M/ijq6vebk@paytm/BigBazaar
23/10/2021,251905,599.78,DR,9406.89,UPI/r1487t117b8i@axl/P2M/soohazdn@oksbi/AxisBank
23/10/2021,,1131.81,DR,8275.08,UPI/h4dofall6tmf@ybl/P2M/2b5472cn@ptbsi/VENNA
23/10/2021,,1232.01,DR,7043.07,UPI/1jlu88oluol0@okaxis/P2M/eoki5ue3@ptbsi/Chala
23/10/2021,600801,364.32,DR,6678.75,UPI/yhefl01mo042@paytm/P2M/0hjt3ll2@paytm/VENNA
23/10/2021,,803.93,DR,5874.82,UPI/cfigt84bj4cp@paytm/P2M/47q99gob@ptbsi/Airtel
23/10/2021,,1045.4,DR,4829.42,UPI/eqg4vy5wrmyl@ybl/P2M/ht02zp7u@paytm/VENNA
23/10/2021,344825,855.74,DR,3973.68,UPI/6tt941cdxggl@paytm/P2M/uc9ru58j@paytm/BigBazaar
23/10/2021,303173,347.79,DR,3625.89,UPI/ipi9bd1q70dj@ybl/P2M/7u2wr0mb@ptbyl/Airtel
22/10/2021,,584.85,DR,3041.04,UPI/13hzl5a8tk6v@okhdfc/P2M/4iwwehns@ptbsi/Edara
22/10/2021,,1262.2,DR,1778.84,UPI/n4z6td29kjsr@okhdfc/P2M/5psrno07@ptbyl/Chala
22/10/2021,,1056.3,DR,722.54,UPI/7srjdc7d5e85@oksbi/P2M/sgcctvzv@ptbyl/Edara
22/10/2021,,395.13,DR,327.41,UPI/pzanhmiu4103@oksbi/P2M/zebw5hm8@paytm/Edara
22/10/2021,,39.72,DR,287.69,UPI/gtng3td0ywac@oksbi/P2M/vsl9x9om@ptbsi/Chala
22/10/2021,203875,635.4,CR,923.09,UPI/5xz0iocu0zwz@okaxis
22/10/2021,,748.27,DR,174.82,UPI/3kgrn7k8dozf@paytm/P2M/epsoeiwi@paytm/Amazon
21/10/2021,137678,137.93,DR,36.89,UPI/04lih2b3zzjf@oksbi/P2M/asak1nin@oksbi/Flipkart
21/10/2021,,3340.5,CR,3377.39,UPI/09ake65ciw4z@okhdfc
21/10/2021,,235.93,DR,3141.46,UPI/jtypl0kgkla3@paytm/P2M/uoka8p26@ptbsi/BigBazaar
21/10/2021,,83.27,DR,3058.19,UPI/ixw9n8c2dc5y@ybl/P2M/xi8yldcw@ptbsi/Paytm
21/10/2021,,1337.83,DR,1720.36,UPI/6k5ou3rwp9yh@paytm/P2M/royb40ar@ptbsi/AxisBank
21/10/2021,,1401.13,DR,319.23,UPI/vr4c2v42t650@ybl/P2M/0i5eppzc@paytm/VENNA
20/10/2021,487982,4613.94,CR,4933.17,UPI/3sudu36d44j1@okhdfc
20/10/2021,278627,3967.84,CR,8901.01,UPI/8avp42wir6ea@paytm
20/10/2021,,615.48,DR,8285.53,UPI/fo4i11ta6tzv@axl/P2M/1gsfx2yz@oksbi/Flipkart
20/10/2021,573131,1187.14,DR,7098.39,UPI/qw6m91u6hpdu@paytm/P2M/y2hg7q4e@oksbi/Flipkart
20/10/2021,,920.35,DR,6178.04,UPI/bcdw4ewnkgzt@ybl/P2M/r7fut7x4@ptbsi/Chala
20/10/2021,,1080.92,DR,5097.12,UPI/ietn7x4h23ny@paytm/P2M/4jp0kjvl@oksbi/Flipkart
20/10/2021,,886.54,DR,4210.58,UPI/54rah1qimg65@paytm/P2M/0bmi0oi1@ptbsi/Edara
20/10/2021,,189.43,DR,4021.15,UPI/u0xg2k5rfjag@paytm/P2M/28e8b76j@ptbyl/Paytm
20/10/2021,812429,181.73,DR,3839.42,UPI/kfk1hu8gxebv@okhdfc/P2M/dw78nkar@ptbyl/BigBazaar
20/10/2021,,1456.25,DR,2383.17,UPI/tseuxlnpyqaa@okhdfc/P2M/ljhnziin@oksbi/Paytm
20/10/2021,,1017.11,DR,1366.06,UPI/zjs0wls7f3zu@paytm/P2M/tksfa2g7@ptbsi/Paytm
20/10/2021,,1083.41,DR,282.65,UPI/p6fz25zhif2z@oksbi/P2M/4t91o39n@ptbsi/VENNA
19/10/2021,,3952.35,CR,4235.0,UPI/n20nomjiaixk@okhdfc
19/10/2021,,1187.68,DR,3047.32,UPI/70aa2fygifgi@axl/P2M/4ycipd2m@paytm/Flipkart
19/10/2021,150203,84.37,DR,2962.95,UPI/8b4lwginwsqc@paytm/P2M/1l3q9fok@oksbi/BigBazaar
19/10/2021,300945,1308.42,DR,1654.53,UPI/0pect6vijbn4@ybl/P2M/ulkb9jwf@ptbsi/BigBazaar
19/10/2021,,2317.85,CR,3972.38,UPI/0ezh06m1lr8v@oksbi
19/10/2021,394805,772.69,DR,3199.69,UPI/6rhqrwpl5d8x@axl/P2M/vpsvbeif@ptbyl/VENNA
19/10/2021,721889,263.23,DR,2936.46,UPI/vfw7debhzx6i@ybl/P2M/0mqwi05w@ptbyl/Amazon
19/10/2021,343016,627.33,DR,2309.13,UPI/9uf899rn4g4k@okhdfc/P2M/iuf92llp@oksbi/Paytm
19/10/2021,,86.59,DR,2222.54,UPI/9z4klrrwk9ra@axl/P2M/fpi5j32p@oksbi/BigBazaar
19/10/2021,337753,302.8,DR,1919.74,UPI/5fhfqvl93c3a@okaxis/P2M/atvi9swh@paytm/Flipkart
19/10/2021,,1207.0,DR,712.74,UPI/8z553u0o1e4m@oksbi/P2M/yx8s025f@paytm/AxisBank
19/10/2021,,344.35,DR,368.39,UPI/c62xpekr4zy7@okhdfc/P2M/0zjls3rr@oksbi/Edara
18/10/2021,,129.29,DR,239.1,UPI/ri6nhudedj8o@axl/P2M/ahij445c@oksbi/Airtel
18/10/2021,,3730.11,CR,3969.21,UPI/2ua7hny1urye@oksbi
18/10/2021,670890,243.83,DR,3725.38,UPI/8s7dsmnf81lq@oksbi/P2M/mnwtpycu@ptbsi/Amazon
18/10/2021,,1363.63,DR,2361.75,UPI/s1ah8m9bzxbf@okhdfc/P2M/ph61w3w6@ptbyl/BigBazaar
18/10/2021,,1410.11,DR,951.64,UPI/wxgk2dz929un@okhdfc/P2M/52ohz49a@oksbi/Amazon
18/10/2021,,192.36,DR,759.28,UPI/wc1jx3gead3q@paytm/P2M/rf774yna@paytm/Amazon
18/10/2021,,612.86,DR,146.42,UPI/cvzzn3zk8qjv@paytm/P2M/gusci7v6@ptbyl/Airtel
17/10/2021,900730,101.09,DR,45.33,UPI/boupu77ztx1j@paytm/P2M/0ekpg0c4@ptbyl/Amazon
13/10/2021,,3565.1,CR,3610.43,UPI/7ac3y3uvvqjb@oksbi
13/10/2021,,1264.73,DR,2345.7,UPI/ruxg08rr3n15@okaxis/P2M/83qogmd9@ptbsi/Paytm
13/10/2021,632623,703.57,DR,1642.13,UPI/kdv4rxdjlc78@paytm/P2M/w49fems9@paytm/AxisBank
13/10/2021,,511.88,DR,1130.25,UPI/25gvglw62pxd@axl/P2M/mf29s4y1@oksbi/Paytm
13/10/2021,,24.05,DR,1106.2,UPI/qil2xkrmktb5@okhdfc/P2M/2zj8jgc7@ptbsi/AxisBank
13/10/2021,,984.72,DR,121.48,UPI/2ldc758ii3sm@ybl/P2M/yuef7g80@ptbyl/Amazon
13/10/2021,236434,1578.87,CR,1700.35,UPI/qcm6zml0uyle@ybl
12/10/2021,312057,500.24,DR,1200.11,UPI/k6hliq165cp9@oksbi/P2M/845pvrd4@ptbyl/Flipkart
12/10/2021,,32.38,DR,1167.73,UPI/8iih842kbnmj@okaxis/P2M/mrmv4u5x@oksbi/Flipkart
12/10/2021,255821,2795.6,CR,3963.33,UPI/rpe08fupc95l@okaxis
12/10/2021,,1168.39,DR,2794.94,UPI/a25dvhdt0blk@okaxis/P2M/szfywxmo@oksbi/Edara
12/10/2021,,1483.84,DR,1311.1,UPI/2tqyvz4pqegy@ybl/P2M/w2bprm98@ptbyl/BigBazaar
12/10/2021,573126,337.68,DR,973.42,UPI/x1g7ko32zcp7@okhdfc/P2M/36tsi148@ptbsi/Amazon
12/10/2021,,58.31,DR,915.11,UPI/0d59qut1ehda@oksbi/P2M/0inaemxz@oksbi/Paytm
12/10/2021,606947,833.19,DR,81.92,UPI/rdz9u516tuu9@axl/P2M/iyjgl0sd@ptbyl/Paytm
11/10/2021,,4747.71,CR,4829.63,UPI/tzqii6yxiseq@axl
11/10/2021,,196.21,CR,5025.84,UPI/h3wg3amjqdtz@paytm
11/10/2021,112003,966.23,DR,4059.61,UPI/va1vcb762db3@axl/P2M/8por3xz9@ptbsi/VENNA
11/10/2021,190308,926.66,DR,3132.95,UPI/ds7gqq03uqol@axl/P2M/thulj2ht@oksbi/BigBazaar
11/10/2021,747031,441.24,DR,2691.71,UPI/00jfqgm3zabu@paytm/P2M/lzz1yl3b@paytm/Chala
11/10/2021,,1420.73,DR,1270.98,UPI/u0cc9rftc68k@axl/P2M/hfupick4@ptbyl/Paytm
11/10/2021,879271,619.14,DR,651.84,UPI/1wp4lpsc9ktt@okhdfc/P2M/ghwyomlq@paytm/VENNA
11/10/2021,,405.12,DR,246.72,UPI/4qf33vexp9ce@okaxis/P2M/eis0ksm1@paytm/Airtel
10/10/2021,,737.45,CR,984.17,UPI/w9ub9hqrrndm@ybl
10/10/2021,,577.12,DR,407.05,UPI/z9xkegqfqglp@paytm/P2M/xgtwh2lt@paytm/VENNA
10/10/2021,,106.21,DR,300.84,UPI/l1fx9hbpalcw@paytm/P2M/79px11zq@ptbsi/Airtel
10/10/2021,356892,125.87,DR,174.97,UPI/fgzh1xmn3cxi@ybl/P2M/bra7ici3@ptbsi/BigBazaar
09/10/2021,293566,711.45,CR,886.42,UPI/xr59wejr1b34@okhdfc
09/10/2021,928435,533.25,DR,353.17,UPI/9m1mh7wpaf0o@okaxis/P2M/6h7k1qa2@oksbi/Amazon
09/10/2021,,3818.8,CR,4171.97,UPI/5z07mefb453k@axl
09/10/2021,,604.02,DR,3567.95,UPI/5ny1rrpgyojz@oksbi/P2M/5z14qxjf@ptbsi/VENNA
09/10/2021,,550.35,DR,3017.6,UPI/8r2rqfmm4zxh@ybl/P2M/5tu2gmnf@paytm/Airtel
09/10/2021,179898,872.87,DR,2144.73,UPI/fplqf5kh28rn@okhdfc/P2M/39pktxa0@oksbi/Edara
09/10/2021,820192,593.12,DR,1551.61,UPI/g4uj898yfxkk@okaxis/P2M/tm2m7pmx@ptbyl/VENNA
08/10/2021,,1429.54,DR,122.07,UPI/5szz03gzt03j@okaxis/P2M/0vww1dt3@ptbyl/Chala
08/10/2021,739028,4945.7,CR,5067.77,UPI/rttqzv35r8nl@paytm
08/10/2021,424158,1482.81,DR,3584.96,UPI/8k3vgaygqsej@okhdfc/P2M/jlha28aq@oksbi/Amazon
08/10/2021,207298,790.65,DR,2794.31,UPI/wfe3wr99zlh9@paytm/P2M/0m3xi37z@ptbyl/Chala
08/10/2021,,884.87,DR,1909.44,UPI/m4u60b3gd6ee@axl/P2M/fg9dwxo5@paytm/Chala
08/10/2021,,2787.65,CR,4697.09,UPI/tyo0bta1cr0u@ybl
08/10/2021,458854,4905.15,CR,9602.24,UPI/z0djtn0b4t3b@axl
08/10/2021,,583.11,DR,9019.13,UPI/m92o4z6w2xod@okhdfc/P2M/xquf43u2@ptbsi/Edara
08/10/2021,,664.36,DR,8354.77,UPI/7aw02ugihac7@okaxis/P2M/g82g77bp@ptbyl/Airtel
08/10/2021,912073,490.04,DR,7864.73,UPI/loswelum5kp0@axl/P2M/5s12oj60@oksbi/Amazon
08/10/2021,571544,4861.94,CR,12726.67,UPI/flu1s278641u@okhdfc
08/10/2021,,79.98,DR,12646.69,UPI/hqyoyvuqxrwh@ybl/P2M/yy8g23kx@ptbyl/Chala
07/10/2021,994068,966.9,DR,11679.79,UPI/exvyonj3doaq@okhdfc/P2M/k379v442@ptbyl/Amazon
07/10/2021,459343,212.41,DR,11467.38,UPI/42bjv5mgnr50@paytm/P2M/ct3e8g3j@ptbyl/Flipkart
07/10/2021,539271,1343.42,CR,12810.8,UPI/nfp5lo2e9z1z@okhdfc
07/10/2021,760422,1303.32,DR,11507.48,UPI/km7026w0ovou@okhdfc/P2M/iijxi6q3@paytm/AxisBank
07/10/2021,,108.28,DR,11399.2,UPI/w6gb4mtmtrth@paytm/P2M/x4sohbk8@oksbi/Paytm
07/10/2021,320959,2533.51,CR,13932.71,UPI/xr607d7soniy@axl
07/10/2021,,507.77,CR,14440.48,UPI/rvh84rr2xyzr@axl
07/10/2021,282935,253.26,DR,14187.22,UPI/frd0jnzk6p16@okaxis/P2M/663cirp6@paytm/Airtel
07/10/2021,524415,1062.09,DR,13125.13,UPI/izqtwgjev54i@paytm/P2M/7zj4ciw6@oksbi/Amazon
07/10/2021,,215.44,DR,12909.69,UPI/4d5krjgohz2l@paytm/P2M/2ajd4gb2@paytm/Chala
07/10/2021,756398,427.94,DR,12481.75,UPI/7d4d7i9srrc8@oksbi/P2M/x38256wf@paytm/Edara
07/10/2021,,1298.22,DR,11183.53,UPI/eattk8ame3kr@okaxis/P2M/ru629phg@paytm/BigBazaar
07/10/2021,,1397.75,DR,9785.78,UPI/152wkp1s0jbq@oksbi/P2M/u78fynb9@paytm/Amazon
06/10/2021,,94.96,DR,9690.82,UPI/6q0zwtv475gb@axl/P2M/q7ykngpd@ptbyl/Edara
06/10/2021,,1485.77,DR,8205.05,UPI/16cfxowqdtu0@axl/P2M/3yefo6ek@oksbi/Chala
06/10/2021,,1037.85,CR,9242.9,UPI/2d9p5xqn72ek@paytm
06/10/2021,863817,708.44,DR,8534.46,UPI/t538grng4bfh@paytm/P2M/srz5bpe1@oksbi/Amazon
06/10/2021,440141,809.16,DR,7725.3,UPI/bg14re83do46@axl/P2M/62mwg93r@paytm/Amazon
06/10/2021,,740.73,DR,6984.57,UPI/chhzbeq271wp@okhdfc/P2M/cpfyfr8t@oksbi/AxisBank
06/10/2021,,979.42,DR,6005.15,UPI/pr8o1d30z7ep@okaxis/P2M/gwxvaf7m@ptbyl/Edara
06/10/2021,,1068.38,DR,4936.77,UPI/nx3o0h9ly5z8@okaxis/P2M/viiowg2m@oksbi/VENNA
06/10/2021,,910.46,DR,4026.31,UPI/t1b8b497spbc@okhdfc/P2M/oyntoil3@ptbsi/Amazon
06/10/2021,,754.69,DR,3271.62,UPI/1bppw2i1e25a@axl/P2M/8xwnj29l@oksbi/Edara
06/10/2021,,896.93,DR,2374.69,UPI/np6fv96dfk3k@oksbi/P2M/hsbczsbt@oksbi/VENNA
06/10/2021,,596.53,DR,1778.16,UPI/4qb129ir2rnv@oksbi/P2M/9tojc7mx@paytm/AxisBank
06/10/2021,983851,978.74,DR,799.42,UPI/xzbgrtzm5vq2@oksbi/P2M/xvkueqch@paytm/Edara
05/10/2021,,169.55,DR,629.87,UPI/n58lt7wfpmii@paytm/P2M/9vq0gj3q@ptbyl/Flipkart
05/10/2021,,2085.41,CR,2715.28,UPI/xk2ykfqr4ymv@okhdfc
05/10/2021,884987,2332.57,CR,5047.85,UPI/76xfxenl1wr3@paytm
05/10/2021,361963,923.21,DR,4124.64,UPI/wnzu4vucj8xe@okhdfc/P2M/fgzdyfp4@oksbi/Airtel
05/10/2021,,603.06,DR,3521.58,UPI/ec135ln943e4@paytm/P2M/ou9mzpls@ptbsi/AxisBank
05/10/2021,536003,40.75,DR,3480.83,UPI/40mgc2m9paxo@ybl/P2M/ogg7thqs@paytm/VENNA
05/10/2021,,447.27,DR,3033.56,UPI/ahjfp50rlyw8@axl/P2M/fbietja3@ptbyl/Flipkart
05/10/2021,641476,910.56,DR,2123.0,UPI/ce51n2bbxrt6@okaxis/P2M/6qjkudau@ptbyl/VENNA
05/10/2021,,625.94,DR,1497.06,UPI/ikpwa9icn3qa@paytm/P2M/wr9pxxyo@oksbi/Edara
05/10/2021,,693.63,DR,803.43,UPI/xwe1ro4j5yio@okhdfc/P2M/73k8004e@ptbsi/AxisBank
05/10/2021,,721.42,DR,82.01,UPI/gqdru6ioyaoh@paytm/P2M/y7uph50r@ptbsi/Paytm
04/10/2021,427252,56.91,DR,25.1,UPI/sl25o43b0nup@axl/P2M/mckqwo8g@oksbi/Amazon
02/10/2021,,3258.6,CR,3283.7,UPI/ftrfdzb3jebi@okaxis
02/10/2021,,2044.92,CR,5328.62,UPI/8xuvzp6x3hvr@ybl
02/10/2021,,1172.67,DR,4155.95,UPI/ag0ue0lk1qhj@oksbi/P2M/w6kowj0p@ptbsi/Flipkart
02/10/2021,351180,116.01,DR,4039.94,UPI/rgh7bq15i2et@okaxis/P2M/pi20x334@paytm/BigBazaar
02/10/2021,424180,75.13,DR,3964.81,UPI/ter4tzi4y5xd@okaxis/P2M/c1gc3eop@ptbsi/Flipkart
02/10/2021,,1359.38,DR,2605.43,UPI/9rnhzri86hn1@axl/P2M/wdb3mibz@ptbyl/Airtel
02/10/2021,785999,238.72,CR,2844.15,UPI/by349p2d9fpy@oksbi
02/10/2021,,3870.09,CR,6714.24,UPI/7auc3p6kmma2@okaxis
02/10/2021,,4254.05,CR,10968.29,UPI/71aojgbz1sqx@ybl
01/10/2021,,791.01,DR,10177.28,UPI/1kqyrgn7blbi@ybl/P2M/z59k2ijb@ptbsi/Paytm
01/10/2021,,958.04,DR,9219.24,UPI/l2239z1gkfy0@axl/P2M/o8u32hbk@ptbsi/Flipkart
01/10/2021,291941,510.1,DR,8709.14,UPI/bhirv8z6oc7j@okhdfc/P2M/9l0nzi36@oksbi/AxisBank
01/10/2021,,922.08,DR,7787.06,UPI/m818h9w8fuqc@axl/P2M/5hz6wioi@ptbyl/Amazon
01/10/2021,581559,1321.62,DR,6465.44,UPI/6ge2wbir0esb@ybl/P2M/ec0cy5n4@ptbyl/Paytm
01/10/2021,434395,378.75,CR,6844.19,UPI/mys8dfmmncmy@oksbi
01/10/2021,747448,150.78,DR,6693.41,UPI/fbhr6zf8ovjq@paytm/P2M/ghajq212@paytm/Amazon
01/10/2021,345332,857.42,DR,5835.99,UPI/5lv61loj9xuu@okaxis/P2M/4guzoz1z@ptbsi/Paytm
01/10/2021,,1415.81,CR,7251.8,UPI/outz437g2q24@ybl
01/10/2021,,4317.77,CR,11569.57,UPI/08k34aggq53p@okaxis
01/10/2021,,1498.45,DR,10071.12,UPI/kdrkv8ab3338@ybl/P2M/26sehf0u@ptbyl/AxisBank
01/10/2021,,463.86,DR,9607.26,UPI/p8vmkhu9y8nh@paytm/P2M/e063b974@ptbsi/Airtel
