Date,Instrument ID,Amount,Type,Balance,Remarks
31/05/2021,,318.46,DR,1119.47,UPI/wrwtvqzaimj8@okhdfc/P2M/p68b3fvo@oksbi/Amazon
31/05/2021,423431,983.39,DR,136.08,UPI/zi59y8i2ezev@axl/P2M/scno1a66@ptbyl/Paytm
31/05/2021,,56.01,DR,80.07,UPI/mj2e3bijklsk@okhdfc/P2M/r3jhwxon@ptbyl/Paytm
31/05/2021,,648.87,CR,728.94,UPI/ma8yggvl2dwo@okhdfc
30/05/2021,,480.89,DR,248.05,UPI/g28adwdncqe4@ybl/P2M/yix2afos@ptbyl/Chala
30/05/2021,612704,3693.47,CR,3941.52,UPI/zsmuhh3dldm4@axl
30/05/2021,,2366.96,CR,6308.48,UPI/mzrws8l0lj2s@axl
30/05/2021,,470.84,CR,6779.32,UPI/0yqn6895yxiy@oksbi
30/05/2021,,1163.73,DR,5615.59,UPI/s1oi3kt7bol7@ybl/P2M/cn9hfuur@oksbi/VENNA
30/05/2021,,62.03,DR,5553.56,UPI/zeihmt4cpf7z@oksbi/P2M/a7pgt2pp@paytm/Paytm
30/05/2021,,606.72,DR,4946.84,UPI/fwda3uk6n8g9@axl/P2M/u5dp1ij4@oksbi/AxisBank
29/05/2021,,419.08,DR,4527.76,UPI/xrwz5077ud8p@axl/P2M/f56bgwm7@ptbyl/Airtel
29/05/2021,299835,1958.05,CR,6485.81,UPI/bq8ecqxik30s@ybl
29/05/2021,,1296.99,DR,5188.82,UPI/4nsroxnqw7ln@okhdfc/P2M/55zu4mnv@ptbsi/Flipkart
29/05/2021,,903.38,DR,4285.44,UPI/pc6mwcvrj5z6@axl/P2M/oijqdi53@ptbsi/BigBazaar
29/05/2021,880018,583.81,DR,3701.63,UPI/zqtmhlssvw0g@okaxis/P2M/bue0n6y2@oksbi/Airtel
29/05/2021,971220,1010.42,DR,2691.21,UPI/5mzdowbifi7i@oksbi/P2M/kvv70j4h@ptbsi/Edara
29/05/2021,,2923.65,CR,5614.86,UPI/gb1j8ufuvb0s@okhdfc
29/05/2021,,1443.79,DR,4171.07,UPI/kswlhm9mjop3@paytm/P2M/avpmtx4w@oksbi/Paytm
29/05/2021,,471.22,DR,3699.85,UPI/jh6qyaeqpbr1@okhdfc/P2M/r6e7rb8b@oksbi/Flipkart
29/05/2021,,1150.92,DR,2548.93,UPI/drxpwhuotvww@oksbi/P2M/j2zr3o2x@paytm/Edara
29/05/2021,,1449.96,DR,1098.97,UPI/9lmcrbg06hgv@okhdfc/P2M/5cusq2xn@oksbi/Paytm
29/05/2021,946823,438.44,DR,660.53,UPI/r4ptydpoc3hh@ybl/P2M/h714ggsv@oksbi/AxisBank
28/05/2021,,1015.74,CR,1676.27,UPI/0b857sy9rq23@ybl
28/05/2021,,236.53,DR,1439.74,UPI/rj9e9q89r9gl@ybl/P2M/q6vzulx5@paytm/Flipkart
28/05/2021,,97.96,DR,1341.78,UPI/bu3w79zxdf4j@ybl/P2M/zxiqtffb@ptbyl/BigBazaar
28/05/2021,,379.89,DR,961.89,UPI/bff79ugx9li5@okaxis/P2M/y6zbolwo@paytm/Paytm
28/05/2021,,818.22,DR,143.67,UPI/6las9ll502r7@oksbi/P2M/sxtcntb6@oksbi/Flipkart
27/05/2021,,558.11,CR,701.78,UPI/z34lwgovo2ol@ybl
27/05/2021,,451.28,DR,250.5,UPI/i14g9h79xg0z@paytm/P2M/o5cpsimb@oksbi/Flipkart
27/05/2021,,957.88,CR,1208.38,UPI/bvzy6k6aqn7f@ybl
27/05/2021,,1216.47,CR,2424.85,UPI/ojd33hmto84g@okhdfc
27/05/2021,,1128.86,DR,1295.99,UPI/11q2xrz28hkb@axl/P2M/sult9wn7@ptbsi/VENNA
27/05/2021,,591.15,DR,704.84,UPI/i1ch9gcj39zd@okaxis/P2M/gfel88py@ptbsi/Airtel
26/05/2021,488366,615.68,DR,89.16,UPI/89z0pygg8kg4@axl/P2M/r0sd0d9w@ptbyl/BigBazaar
26/05/2021,830826,22.97,DR,66.19,UPI/zhznfv46yt53@okhdfc/P2M/31vke7fe@oksbi/Paytm
26/05/2021,501065,57.25,DR,8.94,UPI/5aa7zxjy33ha@axl/P2M/tdgffemt@oksbi/Chala
25/05/2021,,613.5,CR,622.44,UPI/fnpvo4ypnnn6@axl
25/05/2021,997201,1770.94,CR,2393.38,UPI/o9jscqijrzmv@axl
25/05/2021,,1142.04,DR,1251.34,UPI/hlh4u6vlsk05@axl/P2M/dq9jc7ow@paytm/Flipkart
25/05/2021,,827.03,DR,424.31,UPI/v3hz6c1f3dvx@okaxis/P2M/qmla7j2o@ptbsi/AxisBank
24/05/2021,,130.4,DR,293.91,UPI/iiq0dydyt9k8@okaxis/P2M/op8rfz3m@paytm/VENNA
24/05/2021,567406,1449.2,CR,1743.11,UPI/99xrvnqdno8z@axl
24/05/2021,797301,398.84,DR,1344.27,UPI/f16ylfarbk8y@ybl/P2M/hnuyels0@oksbi/BigBazaar
24/05/2021,744964,381.27,DR,963.0,UPI/no8wqwp84x9i@ybl/P2M/5rdk29te@ptbyl/BigBazaar
24/05/2021,,675.79,DR,287.21,UPI/5ml7pqkvghez@ybl/P2M/nfulq2c1@ptbyl/Paytm
24/05/2021,658868,4322.22,CR,4609.43,UPI/hvxbbomegi3m@paytm
24/05/2021,,474.9,DR,4134.53,UPI/2owwcekmr1o3@okaxis/P2M/3qwz6gw3@ptbsi/Chala
24/05/2021,,176.66,DR,3957.87,UPI/bu9765t9yql6@ybl/P2M/b3dmqg1b@ptbsi/Airtel
24/05/2021,,574.18,DR,3383.69,UPI/er2isyetlurw@ybl/P2M/agq5aohl@ptbsi/Airtel
24/05/2021,142173,589.77,DR,2793.92,UPI/k7ul1s9jvygk@ybl/P2M/g3onou20@paytm/Amazon
23/05/2021,,1115.61,DR,1678.31,UPI/p6f99d4egw2b@okhdfc/P2M/7ntrh672@ptbyl/AxisBank
23/05/2021,412100,1996.8,CR,3675.11,UPI/hnc58lse3vc4@axl
23/05/2021,312474,701.16,DR,2973.95,UPI/25yhjscn9dwn@oksbi/P2M/9p1apxtr@ptbyl/Chala
23/05/2021,,184.81,DR,2789.14,UPI/vhmgljk5ge15@okhdfc/P2M/3j1l2lb7@ptbsi/Amazon
23/05/2021,807760,688.06,DR,2101.08,UPI/gnkufrpql9er@okaxis/P2M/mejre7bi@oksbi/Chala
23/05/2021,,1143.73,DR,957.35,UPI/40mkjs2b4i9l@oksbi/P2M/5bmr0z20@ptbyl/BigBazaar
23/05/2021,,2780.37,CR,3737.72,UPI/0ib1599p0t0e@axl
23/05/2021,730270,1254.51,DR,2483.21,UPI/q5khobxk15a6@paytm/P2M/lrxgketz@paytm/Paytm
23/05/2021,,210.95,DR,2272.26,UPI/oynv9yik64vp@okaxis/P2M/wj4ukv4n@paytm/Amazon
23/05/2021,,1383.07,DR,889.19,UPI/y1fgs325s76j@oksbi/P2M/xn9du6jp@paytm/Airtel
23/05/2021,,704.7,DR,184.49,UPI/uctj09ghnfl0@oksbi/P2M/suer0svz@paytm/AxisBank
22/05/2021,,2653.57,CR,2838.06,UPI/m2fr8dpgwei1@oksbi
22/05/2021,866093,1351.14,DR,1486.92,UPI/3bse49s3uq3f@paytm/P2M/zrb6nptn@oksbi/Airtel
22/05/2021,,1311.12,DR,175.8,UPI/84udorqk8oid@okhdfc/P2M/0fg2a9n3@ptbyl/VENNA
21/05/2021,,1831.46,CR,2007.26,UPI/rh7p3e5dbw6h@paytm
21/05/2021,,582.63,DR,1424.63,UPI/y1nc0fsqzmk4@okaxis/P2M/rvcc1l9r@oksbi/Flipkart
21/05/2021,,443.1,DR,981.53,UPI/fsnynzmq778c@ybl/P2M/j9ug1lkm@paytm/Paytm
21/05/2021,344835,860.3,DR,121.23,UPI/c6wmxmj60wbl@paytm/P2M/pp00mvlt@oksbi/Paytm
20/05/2021,985303,4134.35,CR,4255.58,UPI/65q03lj4ouxa@okaxis
20/05/2021,,3433.64,CR,7689.22,UPI/eqlwgzgbv2hw@paytm
20/05/2021,542704,321.75,DR,7367.47,UPI/1y14zjouvn9g@ybl/P2M/tc4i3emn@oksbi/VENNA
20/05/2021,,511.58,DR,6855.89,UPI/ku7dgmwp9nkq@oksbi/P2M/2gfqid8b@oksbi/BigBazaar
20/05/2021,,1570.98,CR,8426.87,UPI/nvfynhg3khey@paytm
20/05/2021,159065,358.56,DR,8068.31,UPI/58yijow34xgy@oksbi/P2M/6dcntm4y@oksbi/Edara
20/05/2021,,247.44,DR,7820.87,UPI/4b08i874uhfk@okaxis/P2M/ih9pvmpx@ptbsi/Flipkart
20/05/2021,,1096.34,DR,6724.53,UPI/x8iuu2j3wkca@oksbi/P2M/ug4tbdii@paytm/Edara
20/05/2021,,1392.42,DR,5332.11,UPI/0gvc7layhong@paytm/P2M/cy15qrg8@paytm/Amazon
20/05/2021,,1259.95,DR,4072.16,UPI/n313gytd2ait@axl/P2M/yyzsewgh@ptbsi/Airtel
20/05/2021,357323,1291.18,DR,2780.98,UPI/jxl7dvdta9c7@paytm/P2M/tec0s9gs@paytm/Edara
19/05/2021,,145.12,DR,2635.86,UPI/1mvyn8awqklx@axl/P2M/54aglg7z@ptbyl/BigBazaar
19/05/2021,176734,676.11,DR,1959.75,UPI/uv1eht6konca@paytm/P2M/glsbm4go@ptbyl/Edara
19/05/2021,,1098.25,DR,861.5,UPI/1nps9j6q5jgk@okaxis/P2M/pwhw6h1t@ptbsi/Flipkart
19/05/2021,,679.91,DR,181.59,UPI/6xmf45vq2u17@okhdfc/P2M/06p4dryg@ptbyl/Airtel
18/05/2021,,1628.19,CR,1809.78,UPI/kgfrdr9h1lto@oksbi
18/05/2021,,933.22,DR,876.56,UPI/ha409mo3n2u5@paytm/P2M/ps87j3ju@oksbi/VENNA
18/05/2021,,194.67,DR,681.89,UPI/2t9qr25utlog@ybl/P2M/bh5fov0w@oksbi/Paytm
18/05/2021,,423.51,DR,258.38,UPI/h7ju7r28w2zq@oksbi/P2M/2tra87l0@oksbi/VENNA
18/05/2021,,73.38,DR,185.0,UPI/vc94m3n4j82l@axl/P2M/7097begc@ptbyl/VENNA
17/05/2021,746143,4618.99,CR,4803.99,UPI/bz3tdxxx4j0y@okhdfc
17/05/2021,576319,635.83,DR,4168.16,UPI/yla8ic20kkd9@ybl/P2M/thpvsh56@ptbsi/Paytm
17/05/2021,650389,784.91,DR,3383.25,UPI/3swvsq9xg6fn@okaxis/P2M/55ngievp@ptbyl/BigBazaar
17/05/2021,,721.46,DR,2661.79,UPI/2mbqzrzgjouo@okhdfc/P2M/gmoqbxp1@oksbi/Flipkart
17/05/2021,,1485.73,DR,1176.06,UPI/yqgyz5hzvmn6@paytm/P2M/1ue8clqv@paytm/Amazon
17/05/2021,,115.33,DR,1060.73,UPI/vorxus9jed0q@ybl/P2M/k2auqh8h@paytm/Flipkart
17/05/2021,,29.6,DR,1031.13,UPI/mygm4e9zll19@ybl/P2M/x72rumla@oksbi/Paytm
17/05/2021,,75.46,DR,955.67,UPI/8enuh3tmyovl@okaxis/P2M/yuplxr68@ptbyl/Chala
17/05/2021,,456.89,DR,498.78,UPI/vu3wa2byy07m@okaxis/P2M/s30gw9g0@paytm/Paytm
16/05/2021,161935,411.22,DR,87.56,UPI/wltdnjlmfvkh@ybl/P2M/5kd3m3q8@paytm/AxisBank
15/05/2021,,1836.88,CR,1924.44,UPI/qcqxtcn5f1ez@ybl
15/05/2021,,1248.3,DR,676.14,UPI/p8mv886ylga8@axl/P2M/whm5kr5m@oksbi/Flipkart
15/05/2021,,334.89,DR,341.25,UPI/qq0d9v4w3xxn@ybl/P2M/lkj35shu@paytm/Amazon
15/05/2021,,3440.38,CR,3781.63,UPI/tv1j7774365i@oksbi
15/05/2021,,2031.63,CR,5813.26,UPI/roswlyek8763@paytm
15/05/2021,,957.3,DR,4855.96,UPI/vzwynpr3zosp@paytm/P2M/bhowztvz@ptbyl/Paytm
14/05/2021,728224,268.73,DR,4587.23,UPI/snnmyk9dazkr@oksbi/P2M/j0a7psai@oksbi/Airtel
14/05/2021,,753.46,DR,3833.77,UPI/j93x3kl3v0tg@okaxis/P2M/xjg2hs6q@paytm/VENNA
14/05/2021,,1214.74,DR,2619.03,UPI/5u8y50tjixr8@paytm/P2M/543jpjyr@oksbi/Paytm
14/05/2021,,2201.15,CR,4820.18,UPI/gluvi1n3tfv1@oksbi
14/05/2021,,62.25,DR,4757.93,UPI/lyswuw5u4o13@axl/P2M/mo12cybd@ptbsi/Chala
14/05/2021,,340.88,DR,4417.05,UPI/67z5bug10fs7@okhdfc/P2M/zsh64e0l@ptbyl/Paytm
14/05/2021,,385.18,DR,4031.87,UPI/mlgtbz252uys@axl/P2M/t6pdw5tb@paytm/Paytm
14/05/2021,,1091.07,DR,2940.8,UPI/4waeo900rbin@okaxis/P2M/ol2fj48u@paytm/AxisBank
14/05/2021,586443,1193.38,DR,1747.42,UPI/kxkwqxbc0s3g@paytm/P2M/6tst01je@oksbi/AxisBank
14/05/2021,243276,4184.05,CR,5931.47,UPI/j5ymoe0pb9hr@paytm
14/05/2021,,3864.88,CR,9796.35,UPI/q4znxxtcdl0a@axl
14/05/2021,,1320.87,DR,8475.48,UPI/5vacg2613ulj@paytm/P2M/5d5po2k2@ptbsi/AxisBank
13/05/2021,,885.55,DR,7589.93,UPI/duoq3weua2jv@ybl/P2M/cgop01kg@paytm/Flipkart
13/05/2021,,1490.92,DR,6099.01,UPI/x85lts980d2m@paytm/P2M/dbjl8u5v@oksbi/Amazon
13/05/2021,502156,209.19,DR,5889.82,UPI/zqkxgqpgzspg@paytm/P2M/fynx15no@paytm/Amazon
13/05/2021,,1034.39,DR,4855.43,UPI/lm8ou640o7wc@okhdfc/P2M/jvktqga9@ptbsi/BigBazaar
13/05/2021,782327,348.89,DR,4506.54,UPI/kc9jjexi11u5@okaxis/P2M/57w0z8mr@ptbyl/BigBazaar
13/05/2021,,237.31,DR,4269.23,UPI/7mr9l3dpy5hm@okaxis/P2M/f9w5h047@ptbsi/AxisBank
13/05/2021,954897,906.45,DR,3362.78,UPI/ha8x9my76g2g@okhdfc/P2M/1e4tptmn@ptbyl/Airtel
13/05/2021,,507.53,DR,2855.25,UPI/sh2hnbvn9x8s@paytm/P2M/yr1n3uyf@ptbyl/Airtel
13/05/2021,,350.15,DR,2505.1,UPI/zfhhn1767wc3@okhdfc/P2M/7ywcvi48@oksbi/Chala
13/05/2021,,3872.68,CR,6377.78,UPI/obiqj0lrhf5a@oksbi
13/05/2021,373347,4455.95,CR,10833.73,UPI/9o4j3kmem649@axl
13/05/2021,,780.5,CR,11614.23,UPI/jhdpbsrllwhn@oksbi
12/05/2021,538726,1918.54,CR,13532.77,UPI/0yq7gf2ucwhr@okaxis
12/05/2021,827490,358.35,DR,13174.42,UPI/ujdlqy620l20@axl/P2M/3urrre7n@paytm/Airtel
12/05/2021,,487.49,DR,12686.93,UPI/0e04yg2r6zoe@okhdfc/P2M/n5mj7t8a@paytm/Flipkart
12/05/2021,469779,899.74,DR,11787.19,UPI/ozy7ik25x45f@ybl/P2M/qu8pak9y@ptbsi/AxisBank
12/05/2021,,193.57,DR,11593.62,UPI/ev40z2o1x0yd@axl/P2M/yb4o5oph@paytm/Amazon
12/05/2021,,1235.57,DR,10358.05,UPI/i56j5syhizl9@ybl/P2M/ly58zqie@ptbsi/Airtel
12/05/2021,,1372.87,DR,8985.18,UPI/rttvp5w3mbta@oksbi/P2M/paorcj4e@ptbyl/Chala
12/05/2021,698542,1850.34,CR,10835.52,UPI/9rcgi3cln6ol@axl
12/05/2021,,389.31,DR,10446.21,UPI/ksejfsb325g7@axl/P2M/zuqewfwd@ptbyl/Airtel
12/05/2021,,998.2,DR,9448.01,UPI/c5jtdj06vskv@okhdfc/P2M/p1fqpd7w@ptbsi/Airtel
12/05/2021,409968,223.7,DR,9224.31,UPI/o6s7syn8mibm@okaxis/P2M/otmjv8nh@paytm/BigBazaar
12/05/2021,206652,815.66,DR,8408.65,UPI/pjylk1uelbu1@okhdfc/P2M/e3xbppm8@paytm/VENNA
11/05/2021,,223.53,DR,8185.12,UPI/ube88q07xfmh@okaxis/P2M/h7w03vlf@ptbsi/Paytm
11/05/2021,816953,756.68,DR,7428.44,UPI/mlog4mqxn5po@ybl/P2M/mevmo2jf@paytm/AxisBank
11/05/2021,,313.8,DR,7114.64,UPI/mqsh3q1p57wc@paytm/P2M/8nq9fnwp@paytm/Airtel
11/05/2021,,123.75,DR,6990.89,UPI/rp8oddsae0p4@oksbi/P2M/jn5s8f30@oksbi/Flipkart
11/05/2021,896337,803.81,DR,6187.08,UPI/mtj1253a3v9m@okhdfc/P2M/t88dd947@oksbi/Airtel
11/05/2021,532288,42.16,DR,6144.92,UPI/miib9hk636hn@axl/P2M/popidt8g@oksbi/VENNA
11/05/2021,,1110.23,DR,5034.69,UPI/gycac7egrsyv@paytm/P2M/200lcnsq@paytm/Flipkart
11/05/2021,,777.5,DR,4257.19,UPI/6ljppt3pxd3g@oksbi/P2M/kjhm628b@paytm/Airtel
11/05/2021,,477.45,DR,3779.74,UPI/5crwtq4ofv82@okhdfc/P2M/xteimx3y@ptbyl/BigBazaar
11/05/2021,696205,4870.23,CR,8649.97,UPI/xbdgzsne57pb@okhdfc
11/05/2021,,167.32,DR,8482.65,UPI/fxak2v8nqk3i@oksbi/P2M/80ap8pjt@paytm/BigBazaar
11/05/2021,,1111.76,DR,7370.89,UPI/njauyfw7ofco@ybl/P2M/3qv3p8c4@oksbi/Chala
10/05/2021,,937.16,DR,6433.73,UPI/raurhk5bxekg@ybl/P2M/hiuy6sfz@paytm/AxisBank
10/05/2021,350438,780.07,DR,5653.66,UPI/s3rt8ae88q5m@ybl/P2M/xxwcs9uh@paytm/AxisBank
10/05/2021,,1111.43,DR,4542.23,UPI/m7mclwua1gzw@ybl/P2M/swfzow9f@ptbsi/Flipkart
10/05/2021,831163,1241.37,DR,3300.86,UPI/hvm8io8mgumf@ybl/P2M/8i3rc4m2@ptbyl/Airtel
10/05/2021,,248.99,DR,3051.87,UPI/qwoetjpnefsx@axl/P2M/o110o50x@ptbsi/AxisBank
10/05/2021,,851.87,DR,2200.0,UPI/pn7pvnf99e45@ybl/P2M/61y9e00m@ptbyl/Edara
10/05/2021,,674.77,DR,1525.23,UPI/wj00skxlw3nm@oksbi/P2M/ijymucss@ptbsi/AxisBank
10/05/2021,,2120.42,CR,3645.65,UPI/i4kw4y7jpxao@ybl
10/05/2021,129688,196.41,DR,3449.24,UPI/f7bb0jnn6h4o@oksbi/P2M/8wn4wpuw@ptbsi/BigBazaar
10/05/2021,,424.61,DR,3024.63,UPI/rny5egu36odf@okhdfc/P2M/ueb8hiz1@ptbsi/Paytm
10/05/2021,,466.52,DR,2558.11,UPI/rveia9l5xs5e@oksbi/P2M/xslilvb1@ptbsi/AxisBank
10/05/2021,,1647.27,CR,4205.38,UPI/am0a9w8vr9hj@axl
09/05/2021,515249,539.26,DR,3666.12,UPI/2qjffwmu9dfl@okhdfc/P2M/ps2kpq6q@ptbyl/Airtel
09/05/2021,,788.2,DR,2877.92,UPI/jlc8pg4rb4gv@paytm/P2M/azuozzyp@oksbi/VENNA
09/05/2021,,135.52,DR,2742.4,UPI/2by27mxppxd7@ybl/P2M/maf1kgow@ptbsi/Airtel
09/05/2021,366215,137.51,DR,2604.89,UPI/xs8yc17pguno@okaxis/P2M/0xtbf6qe@oksbi/Airtel
09/05/2021,,1099.85,CR,3704.74,UPI/ghexg61ydfju@okhdfc
09/05/2021,,956.98,DR,2747.76,UPI/cint9rv3nv34@okhdfc/P2M/729zq008@oksbi/VENNA
09/05/2021,245792,238.21,DR,2509.55,UPI/eshwl47i0j9j@oksbi/P2M/4zv066l0@paytm/Edara
09/05/2021,,3167.11,CR,5676.66,UPI/lolqudqs9os6@okaxis
09/05/2021,,51.78,DR,5624.88,UPI/fzp14fn64qan@okaxis/P2M/e9w7t7u8@ptbyl/VENNA
09/05/2021,,1343.11,DR,4281.77,UPI/gjn3k3vwxaps@okhdfc/P2M/qxb2slwi@paytm/Flipkart
09/05/2021,,300.89,CR,4582.66,UPI/9jcupe6rlwh6@oksbi
09/05/2021,,828.24,DR,3754.42,UPI/xv5d53o9032w@axl/P2M/s4e1yor5@ptbsi/AxisBank
08/05/2021,,1008.38,DR,2746.04,UPI/lmdqcs64o1s5@oksbi/P2M/59bbrdqp@oksbi/Edara
08/05/2021,,2114.0,CR,4860.04,UPI/dg6pd9skmy9w@ybl
08/05/2021,186991,588.72,DR,4271.32,UPI/tw3g4p6o7u90@okaxis/P2M/glhf45s7@ptbsi/BigBazaar
08/05/2021,,684.67,DR,3586.65,UPI/6j83foypxg22@oksbi/P2M/i77mf8hk@oksbi/Paytm
08/05/2021,469020,956.32,DR,2630.33,UPI/rmvqui00xsu6@okhdfc/P2M/6im4wy1j@ptbsi/BigBazaar
08/05/2021,,1405.22,DR,1225.11,UPI/z5hgvbf22xv6@ybl/P2M/2vizeml4@ptbsi/Paytm
08/05/2021,684066,178.76,DR,1046.35,UPI/ilqv73lwm2jy@paytm/P2M/vvqzb51m@ptbyl/Paytm
08/05/2021,763404,1237.49,CR,2283.84,UPI/nqad40iks5dy@paytm
08/05/2021,,2238.32,CR,4522.16,UPI/rjh9nsvjiqb5@okaxis
08/05/2021,505418,955.91,DR,3566.25,UPI/iga2um7d9uyx@okaxis/P2M/crieog8t@ptbyl/Flipkart
08/05/2021,,335.21,DR,3231.04,UPI/ok22np4z4tta@okhdfc/P2M/vpwrb5f5@ptbsi/Airtel
08/05/2021,,973.59,CR,4204.63,UPI/l2juqd6k4f0g@okhdfc
07/05/2021,,1446.21,DR,2758.42,UPI/czcswb5eg8gm@okhdfc/P2M/lnxfb8af@ptbyl/Airtel
07/05/2021,,4262.51,CR,7020.93,UPI/mzyyiqbl03gk@paytm
07/05/2021,551292,55.18,DR,6965.75,UPI/ci07818nki73@okaxis/P2M/2rcxetqi@ptbsi/VENNA
07/05/2021,,382.89,DR,6582.86,UPI/djgdmwgupy6c@okhdfc/P2M/tp9z3i86@ptbsi/AxisBank
07/05/2021,,921.44,DR,5661.42,UPI/upcnwckj0od7@okhdfc/P2M/wyvurvw5@ptbyl/Amazon
07/05/2021,,1357.37,DR,4304.05,UPI/bsr3uk5r7bkl@okaxis/P2M/ewo2aqrf@oksbi/VENNA
07/05/2021,,919.09,DR,3384.96,UPI/56obihpo2wdf@ybl/P2M/81pvsye3@paytm/VENNA
07/05/2021,,1574.97,CR,4959.93,UPI/nh3r6ks9xa5y@ybl
07/05/2021,,1229.48,DR,3730.45,UPI/ugjmuuuuidib@oksbi/P2M/ehn1re9m@ptbsi/AxisBank
07/05/2021,,1235.12,DR,2495.33,UPI/s4k9lm2er0ae@okaxis/P2M/aq2hf4d2@ptbyl/Amazon
07/05/2021,,997.6,DR,1497.73,UPI/qw2piuvsu2dv@oksbi/P2M/32tp5ld9@ptbyl/Airtel
07/05/2021,,1385.51,DR,112.22,UPI/h802kn5coah5@paytm/P2M/42hk4psy@ptbyl/BigBazaar
06/05/2021,902389,2803.66,CR,2915.88,UPI/cl8h6atvyk0y@okhdfc
06/05/2021,,1063.92,DR,1851.96,UPI/fdbko0buq54v@axl/P2M/vcx5thqx@paytm/AxisBank
06/05/2021,,2896.4,CR,4748.36,UPI/dexs4ypm6fk1@okhdfc
06/05/2021,,522.78,DR,4225.58,UPI/9r9zle6zscnq@okaxis/P2M/1pizgvz5@ptbyl/Paytm
06/05/2021,568176,529.26,DR,3696.32,UPI/mjmfr1kzkt04@axl/P2M/66ujtjln@ptbsi/VENNA
06/05/2021,204089,2690.43,CR,6386.75,UPI/g1ut314tc3im@oksbi
06/05/2021,311093,750.74,DR,5636.01,UPI/355s6azs0238@oksbi/P2M/2tydo9c6@oksbi/Paytm
06/05/2021,,283.1,DR,5352.91,UPI/o5exqu1a8wip@okaxis/P2M/xy08ypm0@paytm/Amazon
06/05/2021,,562.17,DR,4790.74,UPI/15hy4506xvgy@paytm/P2M/sg2g1b5l@oksbi/Chala
05/05/2021,,1397.91,DR,3392.83,UPI/5z5ewn8awa7f@oksbi/P2M/rvprctie@paytm/VENNA
05/05/2021,116208,3921.56,CR,7314.39,UPI/2m4rd0nb60fp@ybl
05/05/2021,,649.43,DR,6664.96,UPI/oj7zvrze8b6h@paytm/P2M/8jy88o2g@ptbsi/VENNA
05/05/2021,,1038.81,DR,5626.15,UPI/eb6j9eo8okkp@oksbi/P2M/mvdejgi2@oksbi/Flipkart
05/05/2021,388114,966.27,DR,4659.88,UPI/4lg86xdxdxrz@okhdfc/P2M/jw2ypvqt@paytm/Edara
05/05/2021,,1022.53,CR,5682.41,UPI/z5b7uk7xtjii@paytm
05/05/2021,512111,500.88,DR,5181.53,UPI/jan33d8donna@okhdfc/P2M/u0yhmgal@paytm/BigBazaar
05/05/2021,,1111.64,DR,4069.89,UPI/wyc8wa3s7hp2@axl/P2M/bufpjoao@paytm/Edara
05/05/2021,,1322.61,DR,2747.28,UPI/4yz721sdvtgw@ybl/P2M/ve2a3ckb@paytm/AxisBank
05/05/2021,,495.99,DR,2251.29,UPI/mzjmjtt06xjs@okhdfc/P2M/ht55j3mw@ptbyl/VENNA
05/05/2021,710665,1447.57,DR,803.72,UPI/16qp5lqnhaeo@ybl/P2M/s6v3pvre@ptbsi/BigBazaar
04/05/2021,830651,633.63,DR,170.09,UPI/xvtkhlq2439r@paytm/P2M/2dl69gug@oksbi/Airtel
04/05/2021,837121,1378.79,CR,1548.88,UPI/k162nx6r5btc@ybl
04/05/2021,,1371.29,DR,177.59,UPI/47pnaa7svl5a@axl/P2M/w7o1klkv@ptbsi/Flipkart
04/05/2021,,837.64,CR,1015.23,UPI/21xdqadiega8@paytm
04/05/2021,,963.52,DR,51.71,UPI/8z1ph2q82ucr@oksbi/P2M/gn43zi3r@paytm/VENNA
04/05/2021,,2256.07,CR,2307.78,UPI/yxaby2knp0ch@ybl
04/05/2021,,615.03,CR,2922.81,UPI/ntts0haoj2ru@oksbi
03/05/2021,,262.25,DR,2660.56,UPI/mpr9zkx4pend@paytm/P2M/kahz15vk@paytm/Flipkart
03/05/2021,,1314.59,DR,1345.97,UPI/vzoy0eq0pzp8@ybl/P2M/qpjq10u4@ptbyl/BigBazaar
03/05/2021,,3122.85,CR,4468.82,UPI/uo5awezj7yzs@paytm
03/05/2021,,77.73,DR,4391.09,UPI/nwvkuqvddabd@ybl/P2M/ukrlpxeg@oksbi/Flipkart
03/05/2021,558352,1265.6,DR,3125.49,UPI/ir28fs4x2vrm@okhdfc/P2M/ixe3k234@oksbi/Amazon
03/05/2021,,1308.52,DR,1816.97,UPI/omaanbxmnok0@axl/P2M/x0b632kt@oksbi/VENNA
03/05/2021,,33.57,DR,1783.4,UPI/52ie7ekaszai@okaxis/P2M/38ocy9ww@oksbi/AxisBank
03/05/2021,,944.86,DR,838.54,UPI/5cjhcwv9ft9r@okaxis/P2M/vcwbdnx3@oksbi/Chala
03/05/2021,150395,513.53,DR,325.01,UPI/1mh3jcgjmvud@okhdfc/P2M/zmeonztg@ptbyl/Flipkart
02/05/2021,733211,316.74,DR,8.27,UPI/cu8ytotflnch@axl/P2M/mslp1aaq@ptbyl/VENNA
02/05/2021,,1549.26,CR,1557.53,UPI/nl9x71j56eg8@ybl
02/05/2021,,1182.88,DR,374.65,UPI/ayxpswgzcg3p@paytm/P2M/099hn4w6@paytm/Edara
02/05/2021,,119.0,DR,255.65,UPI/gw3q0cxrcef6@axl/P2M/8ifcin3v@oksbi/Airtel
02/05/2021,478560,253.29,DR,2.36,UPI/5rgg6ph7ydht@axl/P2M/i06ezu7e@oksbi/Airtel
02/05/2021,,1333.95,CR,1336.31,UPI/o3i9b78t0pm6@paytm
01/05/2021,,936.13,DR,400.18,UPI/gptfl7ctw9iu@okaxis/P2M/1gz89duu@paytm/Chala
01/05/2021,,1536.57,CR,1936.75,UPI/1pzew9uww0xk@oksbi
01/05/2021,,329.3,DR,1607.45,UPI/f1ukcigbgx7p@axl/P2M/o5l8vbdx@ptbsi/BigBazaar
01/05/2021,577557,491.61,DR,1115.84,UPI/ocw8lhmt1jko@ybl/P2M/k4n50z4b@ptbyl/Edara
01/05/2021,,1029.29,DR,86.55,UPI/qba31eiyit1n@oksbi/P2M/dqgzg0xb@oksbi/Airtel
01/05/2021,,3953.99,CR,4040.54,UPI/ki9c21z5v9bt@okhdfc
01/05/2021,470475,252.31,DR,3788.23,UPI/6pjia0cyl4z2@okaxis/P2M/4kdiu78b@ptbsi/Paytm
01/05/2021,,509.82,DR,3278.41,UPI/a2k91u5cslo2@okaxis/P2M/ysruvlbq@paytm/Edara
01/05/2021,,958.14,CR,4236.55,UPI/idcola8rrnvk@oksbi
30/04/2021,,729.12,DR,3507.43,UPI/lhjyi1p9ds8r@okhdfc/P2M/zo78ss5i@oksbi/Edara
30/04/2021,,669.02,DR,2838.41,UPI/z6v63pkqgtub@paytm/P2M/40888b37@paytm/Chala
30/04/2021,,1259.33,DR,1579.08,UPI/nylzwe1yc6dc@okaxis/P2M/6lw8aj5n@ptbyl/Paytm
30/04/2021,,1014.3,DR,564.78,UPI/11u9wv6mkdnu@axl/P2M/b7jmkffm@paytm/BigBazaar
30/04/2021,,290.4,DR,274.38,UPI/2nczmw7z1xs0@paytm/P2M/iz1uozt0@oksbi/Flipkart
30/04/2021,,263.84,DR,10.54,UPI/5ozzvsifgqss@ybl/P2M/boo8sr4m@ptbyl/AxisBank
30/04/2021,,1995.75,CR,2006.29,UPI/03dcj2ve03zy@okhdfc
30/04/2021,,183.61,DR,1822.68,UPI/05ckm8njdre2@okhdfc/P2M/ug7gyp1z@ptbyl/VENNA
29/04/2021,,1161.53,DR,661.15,UPI/wobrwriujfr4@okaxis/P2M/3swy99kb@ptbsi/BigBazaar
29/04/2021,,648.38,DR,12.77,UPI/rr1xhlcz3szo@paytm/P2M/gza82y0l@oksbi/VENNA
28/04/2021,,2967.22,CR,2979.99,UPI/eez2t6gy0hg6@ybl
28/04/2021,,4193.3,CR,7173.29,UPI/3u67arwv9t04@paytm
28/04/2021,,1302.74,DR,5870.55,UPI/soe0aisfcu1l@okhdfc/P2M/5f4g8rye@oksbi/Chala
27/04/2021,,752.27,DR,5118.28,UPI/mrvh328qroj2@okaxis/P2M/mroxadmw@oksbi/Paytm
27/04/2021,431763,1187.66,DR,3930.62,UPI/xygmtniyztqc@paytm/P2M/klbj3b5a@ptbsi/Flipkart
27/04/2021,,1200.52,DR,2730.1,UPI/avr20hycsgf0@paytm/P2M/fx61yi3w@ptbyl/Flipkart
27/04/2021,,2439.6,CR,5169.7,UPI/1d1353h58mjw@paytm
27/04/2021,603863,788.62,DR,4381.08,UPI/pbzncggwya1z@okaxis/P2M/0vlptwkl@oksbi/Flipkart
27/04/2021,625061,508.91,DR,3872.17,UPI/4yt4mkt0byjj@okaxis/P2M/y2pckbjx@oksbi/Edara
27/04/2021,,735.15,DR,3137.02,UPI/v0xckplndck5@oksbi/P2M/iep09l69@paytm/Paytm
27/04/2021,990062,3190.04,CR,6327.06,UPI/nkom0zxje4kf@axl
27/04/2021,,1204.81,DR,5122.25,UPI/3ftyt66bi6lr@okhdfc/P2M/444k230i@oksbi/Chala
27/04/2021,,1380.55,DR,3741.7,UPI/bboglfr4rrcq@okaxis/P2M/g8azejrs@oksbi/Chala
27/04/2021,,1365.03,DR,2376.67,UPI/ozhf21nrz8nu@okaxis/P2M/vbzzmrk7@ptbyl/Amazon
27/04/2021,,1083.5,DR,1293.17,UPI/s8bh9befnn0k@axl/P2M/y4cetpz6@paytm/Airtel
26/04/2021,,777.0,DR,516.17,UPI/feawv3ykr1kt@ybl/P2M/1dgo2405@oksbi/Edara
26/04/2021,836020,109.61,DR,406.56,UPI/xyein8gffmz8@oksbi/P2M/bh5w0ghl@paytm/Airtel
26/04/2021,,377.07,DR,29.49,UPI/vzooifuv7t8g@okhdfc/P2M/kscrxj5y@oksbi/Paytm
25/04/2021,,3914.02,CR,3943.51,UPI/mle1ja9ozf3j@okaxis
25/04/2021,258641,884.7,DR,3058.81,UPI/tc20jnwa0oc6@okhdfc/P2M/sl7ztohm@ptbsi/Chala
25/04/2021,,1364.59,DR,1694.22,UPI/8aqzwm1ncjyk@axl/P2M/zrm0ulrz@ptbsi/Chala
25/04/2021,,1065.14,DR,629.08,UPI/b69h9bgo6y05@okhdfc/P2M/l0hcaq2p@paytm/Flipkart
25/04/2021,610208,596.04,DR,33.04,UPI/xlwe2c37pqz9@paytm/P2M/04qphtla@ptbsi/Paytm
24/04/2021,,4040.9,CR,4073.94,UPI/dyqbgjbcm5ew@okaxis
24/04/2021,103732,1251.81,DR,2822.13,UPI/ui1s4mgbl7bd@okhdfc/P2M/ois7n1lc@paytm/Amazon
24/04/2021,,1475.69,DR,1346.44,UPI/nmsocu4fju07@okhdfc/P2M/di6yrtke@paytm/VENNA
24/04/2021,482182,440.33,DR,906.11,UPI/57oonyhup99j@okhdfc/P2M/oh8aewwn@paytm/AxisBank
24/04/2021,,246.42,DR,659.69,UPI/gwng2f2hz4oj@paytm/P2M/h1vgut9p@paytm/Paytm
24/04/2021,,120.53,DR,539.16,UPI/z0e9hid6whuy@oksbi/P2M/shw4hi97@ptbyl/Flipkart
24/04/2021,,1712.64,CR,2251.8,UPI/b3bwixs7sc8a@axl
24/04/2021,,1313.38,DR,938.42,UPI/xh6z1q192fre@paytm/P2M/b2c3x8ze@paytm/Chala
24/04/2021,514638,211.67,DR,726.75,UPI/0fksy36y885h@paytm/P2M/zpjzmmc7@ptbyl/Flipkart
24/04/2021,170371,207.79,DR,518.96,UPI/acq90gsxj19n@okhdfc/P2M/yc4z45u9@ptbyl/BigBazaar
23/04/2021,,348.28,DR,170.68,UPI/737s5lk5zfdl@okaxis/P2M/p6nq2343@ptbyl/Airtel
23/04/2021,493294,32.13,DR,138.55,UPI/q29aw59n1myp@okhdfc/P2M/fme3iuj7@oksbi/Airtel
23/04/2021,,1517.39,CR,1655.94,UPI/dxsqkeqag2iv@okaxis
23/04/2021,,523.04,DR,1132.9,UPI/v27zy4r0j3lh@oksbi/P2M/26uox44k@ptbsi/Airtel
23/04/2021,,181.95,DR,950.95,UPI/5itodzemzydo@ybl/P2M/p5z92vp8@ptbsi/AxisBank
23/04/2021,913649,889.19,DR,61.76,UPI/7cdrk0vy8oz9@okaxis/P2M/5htdml1l@ptbsi/BigBazaar
21/04/2021,,2139.43,CR,2201.19,UPI/gmeuol9qxj0j@ybl
21/04/2021,211957,824.95,CR,3026.14,UPI/beaqi8keb1hj@okaxis
21/04/2021,,1327.19,DR,1698.95,UPI/nys5zuq1ycqg@okhdfc/P2M/9i49odj6@ptbsi/Chala
21/04/2021,354832,361.58,DR,1337.37,UPI/crjzxbtz9ie2@okaxis/P2M/pk5wvcw7@ptbyl/Paytm
21/04/2021,,652.8,DR,684.57,UPI/qngno7nkaeb4@oksbi/P2M/7jj69ckf@ptbsi/Flipkart
21/04/2021,963589,4314.6,CR,4999.17,UPI/6gbv37xzu0nu@ybl
21/04/2021,873623,946.44,DR,4052.73,UPI/wi5av8r6ovgq@oksbi/P2M/oyl80s30@ptbsi/Airtel
21/04/2021,975748,323.32,DR,3729.41,UPI/felxmn77f3l2@ybl/P2M/1h3alkjb@paytm/AxisBank
21/04/2021,,773.89,DR,2955.52,UPI/4qycctaji5gd@paytm/P2M/9rf06ey5@ptbsi/VENNA
21/04/2021,,1509.91,CR,4465.43,UPI/0gj08qttntrh@okhdfc
21/04/2021,722294,849.03,DR,3616.4,UPI/ksvtulyh0p6o@paytm/P2M/fynu3kpu@oksbi/Edara
21/04/2021,324931,2275.16,CR,5891.56,UPI/pi5sa39sblcy@ybl
20/04/2021,,2465.44,CR,8357.0,UPI/rq6x01sdibi3@okhdfc
20/04/2021,175687,736.99,DR,7620.01,UPI/mx08q0o8hkcq@ybl/P2M/tpt7xpep@paytm/BigBazaar
20/04/2021,,1248.42,DR,6371.59,UPI/h0aanec0392l@oksbi/P2M/84tsdsy8@ptbyl/Edara
20/04/2021,369564,1076.94,DR,5294.65,UPI/83t1b58fbouk@ybl/P2M/3u3s7oze@ptbsi/AxisBank
20/04/2021,293946,396.48,DR,4898.17,UPI/9ykmbphvucj4@axl/P2M/jl9qzchv@ptbyl/VENNA
20/04/2021,576007,249.21,CR,5147.38,UPI/sf5toh15o6ba@axl
20/04/2021,,1196.84,DR,3950.54,UPI/e9kvyky5zx8q@paytm/P2M/fgwtqboh@ptbsi/VENNA
20/04/2021,,741.68,DR,3208.86,UPI/mxsiolibzrbe@ybl/P2M/6xrpzupu@ptbyl/Edara
20/04/2021,,335.06,DR,2873.8,UPI/xi4uql7hoog0@ybl/P2M/8rlgbyky@ptbsi/Edara
20/04/2021,119153,686.16,DR,2187.64,UPI/ffkqu603ysr7@okhdfc/P2M/rw965k9j@paytm/Amazon
20/04/2021,,1822.35,CR,4009.99,UPI/wku9enwb33c3@ybl
20/04/2021,,4577.89,CR,8587.88,UPI/3cewp254vou6@okhdfc
19/04/2021,,173.66,DR,8414.22,UPI/8p7633677310@oksbi/P2M/hy184f01@oksbi/Airtel
19/04/2021,,192.7,DR,8221.52,UPI/v12kahconsy5@okhdfc/P2M/blzpbct3@ptbyl/BigBazaar
19/04/2021,,1345.13,DR,6876.39,UPI/avnvh5n4pltz@okhdfc/P2M/tvwq4nur@oksbi/Edara
19/04/2021,782388,1495.31,DR,5381.08,UPI/a6glrykdblfm@ybl/P2M/now47bd3@ptbyl/Airtel
19/04/2021,,168.21,CR,5549.29,UPI/mno2rnneqxyg@okaxis
19/04/2021,,1379.87,DR,4169.42,UPI/z0t4y5eumqvh@okaxis/P2M/51wv5wvg@ptbsi/Paytm
19/04/2021,331114,502.74,DR,3666.68,UPI/9d4q5nc73uii@paytm/P2M/otns12at@paytm/VENNA
19/04/2021,672034,622.21,DR,3044.47,UPI/l4wvu08frrsr@okhdfc/P2M/sbw3gvgv@ptbsi/Chala
19/04/2021,,1118.95,DR,1925.52,UPI/qgp7wz1mwh4f@oksbi/P2M/84abjgn9@ptbyl/Paytm
19/04/2021,,1285.73,DR,639.79,UPI/14x2n4bcn66e@paytm/P2M/3t2zrtpf@ptbyl/Flipkart
19/04/2021,,266.49,DR,373.3,UPI/flw0ml2smqgn@oksbi/P2M/3ka7h5ow@ptbsi/Flipkart
18/04/2021,286642,152.49,DR,220.81,UPI/kecnlrqx3h8b@oksbi/P2M/0pnrgl54@ptbyl/Edara
18/04/2021,,1269.5,CR,1490.31,UPI/glqpzfi8res9@paytm
18/04/2021,,1196.92,DR,293.39,UPI/fzaihks9b4kr@okaxis/P2M/7yrfdbsu@oksbi/Flipkart
18/04/2021,800896,15.11,DR,278.28,UPI/75axlhbd74fe@okhdfc/P2M/f8jik545@ptbyl/BigBazaar
17/04/2021,,252.8,DR,25.48,UPI/h5n81rc1oj64@ybl/P2M/z56fztay@ptbyl/Edara
17/04/2021,490199,1916.95,CR,1942.43,UPI/h3kpo3ryrfe3@oksbi
17/04/2021,396057,612.81,DR,1329.62,UPI/7se57h73f42g@ybl/P2M/n66v6o8u@ptbyl/Amazon
17/04/2021,,22.21,DR,1307.41,UPI/xrg5d4gn5o5f@okaxis/P2M/i2piih28@ptbyl/BigBazaar
17/04/2021,,112.06,DR,1195.35,UPI/68coaxbajtay@okhdfc/P2M/jm1h0r8g@paytm/Chala
17/04/2021,451680,418.1,DR,777.25,UPI/le72zoy1p5ot@ybl/P2M/izhoqaou@ptbsi/Chala
16/04/2021,658771,363.0,CR,1140.25,UPI/a021oqk354ca@paytm
16/04/2021,310811,507.9,DR,632.35,UPI/ylyan8b38q8x@axl/P2M/81gr571a@paytm/AxisBank
16/04/2021,,32.94,DR,599.41,UPI/kafxe4hnx0n3@paytm/P2M/t8nyr05i@paytm/VENNA
16/04/2021,,176.35,DR,423.06,UPI/g6jt1f072go2@okhdfc/P2M/2069dbmp@oksbi/Chala
16/04/2021,549571,367.38,DR,55.68,UPI/ra7tu8qdlbh2@okhdfc/P2M/knj7j0de@ptbyl/Amazon
15/04/2021,,4840.5,CR,4896.18,UPI/xmo7jdre3xcs@ybl
15/04/2021,536754,22.09,DR,4874.09,UPI/2mb7si3rlpnh@okaxis/P2M/w9zag00r@ptbyl/Flipkart
15/04/2021,,1241.01,DR,3633.08,UPI/0xs9egq6dmlq@axl/P2M/xhi7znf7@ptbsi/BigBazaar
14/04/2021,159368,493.7,DR,3139.38,UPI/t6hl2o02n4ep@okaxis/P2M/hpppp54v@paytm/AxisBank
14/04/2021,142424,208.33,DR,2931.05,UPI/dk3n55xesb8v@okhdfc/P2M/92t3b83x@paytm/Flipkart
14/04/2021,979673,315.75,DR,2615.3,UPI/mhj3ukkn4evh@axl/P2M/c9p3v1yd@ptbyl/Flipkart
14/04/2021,193535,1098.11,DR,1517.19,UPI/lg7ijkq3trat@axl/P2M/mj343pl1@ptbsi/BigBazaar
14/04/2021,,422.26,DR,1094.93,UPI/egjmmzkr8x8s@okaxis/P2M/l5bs4bo7@oksbi/VENNA
14/04/2021,,1075.18,DR,19.75,UPI/bqb1qmp5pdwb@okhdfc/P2M/rc3qazqn@ptbsi/Chala
13/04/2021,,3333.07,CR,3352.82,UPI/y7u9rpxdb58w@axl
13/04/2021,,1191.06,DR,2161.76,UPI/lgkye1sd82fg@okaxis/P2M/hujr82t5@ptbsi/VENNA
13/04/2021,986315,311.09,DR,1850.67,UPI/nvmx4d4f1ivf@axl/P2M/ldswkglz@paytm/Airtel
13/04/2021,,234.58,DR,1616.09,UPI/xd8tsguak71e@axl/P2M/55plr9w3@ptbsi/Flipkart
13/04/2021,,1107.66,DR,508.43,UPI/faaphffiqkoo@ybl/P2M/i72zq28z@paytm/Airtel
13/04/2021,657970,126.79,DR,381.64,UPI/p0qlqxg549mi@paytm/P2M/wn4rdree@oksbi/Chala
12/04/2021,,126.83,DR,254.81,UPI/q2dx8nxd4u0n@ybl/P2M/hptymy40@paytm/Chala
12/04/2021,,2315.51,CR,2570.32,UPI/5weehx3snorv@ybl
12/04/2021,,873.49,DR,1696.83,UPI/z2fb9sasfj27@oksbi/P2M/1dkd5cb2@ptbyl/Edara
12/04/2021,,861.28,DR,835.55,UPI/hu89f70myn0u@ybl/P2M/334utzud@oksbi/Paytm
12/04/2021,,507.25,DR,328.3,UPI/arn9tf6jl760@okhdfc/P2M/h3xnxwba@paytm/Paytm
12/04/2021,126418,166.46,CR,494.76,UPI/086w1ce4jf9f@oksbi
12/04/2021,,356.66,DR,138.1,UPI/gt8266zq0phl@okaxis/P2M/q5s8gn18@ptbyl/Flipkart
11/04/2021,282490,75.39,DR,62.71,UPI/jqotr7qdt6jw@ybl/P2M/l60wj1w3@paytm/Edara
10/04/2021,928339,270.09,CR,332.8,UPI/nlk5wrm49i5d@axl
10/04/2021,442052,69.12,DR,263.68,UPI/ktqztku4u7br@axl/P2M/g3soxu5d@oksbi/BigBazaar
10/04/2021,,59.29,DR,204.39,UPI/4lx174injqmx@okaxis/P2M/bxjxgcw2@oksbi/Airtel
10/04/2021,,3704.86,CR,3909.25,UPI/45mnjh32x9wg@paytm
10/04/2021,113819,1497.78,DR,2411.47,UPI/lriod88tcszf@oksbi/P2M/y2i4mmnw@paytm/Flipkart
10/04/2021,,37.55,DR,2373.92,UPI/78sv7geutoy4@okaxis/P2M/ceuaf9u5@paytm/Flipkart
10/04/2021,,1082.51,DR,1291.41,UPI/00whk1hb0715@okaxis/P2M/sikdlqw6@ptbyl/Paytm
09/04/2021,389012,4581.32,CR,5872.73,UPI/b6vc2zb0n1fw@oksbi
09/04/2021,488106,430.85,CR,6303.58,UPI/kbyej7ijq0hq@paytm
09/04/2021,,857.09,DR,5446.49,UPI/359efiq9upr3@oksbi/P2M/u994fwst@oksbi/BigBazaar
09/04/2021,,685.0,DR,4761.49,UPI/j57jh5r1112x@okhdfc/P2M/9ivsq9an@ptbyl/BigBazaar
09/04/2021,,4671.77,CR,9433.26,UPI/d47vspdj4qme@axl
09/04/2021,452019,173.86,DR,9259.4,UPI/sykp25gpbadi@paytm/P2M/b12a55xn@paytm/BigBazaar
09/04/2021,,1321.1,DR,7938.3,UPI/fshpc1dsicbk@oksbi/P2M/2sqmwuyv@paytm/Flipkart
09/04/2021,,893.32,DR,7044.98,UPI/lf8l686g6kxa@ybl/P2M/59457sj8@ptbsi/Flipkart
09/04/2021,729587,1008.9,DR,6036.08,UPI/u7swej47waod@okaxis/P2M/njqw0kzx@oksbi/BigBazaar
09/04/2021,794676,1118.12,CR,7154.2,UPI/5k0ybxgty38k@axl
09/04/2021,514340,942.9,DR,6211.3,UPI/oda2gcxf3fvw@ybl/P2M/fqvybnga@oksbi/AxisBank
09/04/2021,,808.1,DR,5403.2,UPI/23w92tr1h6fp@oksbi/P2M/pkz4qznz@oksbi/Flipkart
08/04/2021,,619.29,DR,4783.91,UPI/s4nnxzm0dva2@axl/P2M/k46im0xt@paytm/Paytm
08/04/2021,,1347.54,DR,3436.37,UPI/iurfg2mcvm7g@ybl/P2M/bhht6f1o@oksbi/VENNA
08/04/2021,490511,1266.35,DR,2170.02,UPI/5a0ml49ybltq@paytm/P2M/aekws2s6@oksbi/VENNA
08/04/2021,,1315.64,DR,854.38,UPI/1oa0x89u2tzk@okaxis/P2M/r4u35xlu@paytm/AxisBank
08/04/2021,236577,524.57,DR,329.81,UPI/gtn0gf4fxd57@axl/P2M/hbdsbz0u@oksbi/VENNA
08/04/2021,,256.92,DR,72.89,UPI/epfhwxn6xwmy@okhdfc/P2M/u2uke18a@paytm/VENNA
07/04/2021,744188,3873.84,CR,3946.73,UPI/qrdpy5c19bfa@axl
07/04/2021,,1119.32,DR,2827.41,UPI/ra1fgwfzw8jg@okhdfc/P2M/gp7glfp4@ptbyl/Chala
07/04/2021,,15.43,DR,2811.98,UPI/qowrxgdn4x52@okaxis/P2M/7rbiu10w@oksbi/Airtel
07/04/2021,,1258.29,DR,1553.69,UPI/tcvgf9tn641t@axl/P2M/enwegt49@oksbi/Flipkart
07/04/2021,,1123.16,DR,430.53,UPI/tr5nvdnza3m4@paytm/P2M/knpcw6n9@oksbi/VENNA
07/04/2021,,114.5,DR,316.03,UPI/vg6ae8kuxwhr@ybl/P2M/dgetkksg@ptbsi/Paytm
07/04/2021,683867,3335.31,CR,3651.34,UPI/bnrxuf896d1f@oksbi
06/04/2021,,4596.78,CR,8248.12,UPI/j0ro4tee1r52@okaxis
06/04/2021,,370.88,DR,7877.24,UPI/ttxe3el5mf50@oksbi/P2M/jcixwcc3@ptbsi/Amazon
06/04/2021,,386.52,DR,7490.72,UPI/nubgeno27ufr@okaxis/P2M/f20zm7e5@ptbsi/Paytm
06/04/2021,225846,632.82,DR,6857.9,UPI/ftouaqruotuv@ybl/P2M/zwvhv6b9@ptbyl/AxisBank
06/04/2021,,187.09,DR,6670.81,UPI/ieyf0iior39g@paytm/P2M/qjjylle0@ptbyl/VENNA
06/04/2021,737830,1089.02,DR,5581.79,UPI/feb3gjtpo24x@ybl/P2M/r2vkiw2r@paytm/Amazon
06/04/2021,,1176.63,DR,4405.16,UPI/gtcidnpob0cw@okhdfc/P2M/elqk0rfy@ptbsi/Chala
06/04/2021,,281.61,DR,4123.55,UPI/lxvopdv2ca08@axl/P2M/ex561449@ptbyl/BigBazaar
06/04/2021,,29.01,DR,4094.54,UPI/78w3mpdaw4ha@oksbi/P2M/nzgavbib@ptbsi/AxisBank
06/04/2021,,1573.47,CR,5668.01,UPI/dhpk1xf8zx76@okaxis
06/04/2021,,180.07,DR,5487.94,UPI/ie0mttpon0xo@okaxis/P2M/84mpqfko@ptbsi/Amazon
06/04/2021,,809.89,DR,4678.05,UPI/bary2m5nxgi3@oksbi/P2M/om61k4m0@oksbi/VENNA
05/04/2021,492947,1268.02,DR,3410.03,UPI/1wrukpf8x9sc@okhdfc/P2M/uqbtacpz@oksbi/Edara
05/04/2021,686894,766.4,DR,2643.63,UPI/pgj8bizqjh57@axl/P2M/36fayw7j@oksbi/Edara
05/04/2021,,181.99,DR,2461.64,UPI/ox6xikx9vw6f@okaxis/P2M/xisdmbwf@oksbi/Paytm
05/04/2021,,742.42,DR,1719.22,UPI/owwwqo9k023h@okhdfc/P2M/m178okae@ptbsi/Amazon
05/04/2021,,1392.02,DR,327.2,UPI/i2u33bf08xj0@axl/P2M/ce0xpgql@paytm/Flipkart
05/04/2021,,1391.21,CR,1718.41,UPI/rdad8lycwses@okaxis
05/04/2021,745691,802.92,DR,915.49,UPI/ef4j1ktbqbqf@ybl/P2M/t59lr5z7@ptbyl/Amazon
05/04/2021,,3845.6,CR,4761.09,UPI/56lpahl92uy3@ybl
05/04/2021,,216.32,DR,4544.77,UPI/g9eb4d07d44f@paytm/P2M/ghx810bm@oksbi/Edara
05/04/2021,,120.12,DR,4424.65,UPI/kponsm36ypj2@axl/P2M/jz2i550c@ptbyl/Airtel
05/04/2021,559079,1298.18,DR,3126.47,UPI/aia6iplxr8jy@paytm/P2M/oknt5ist@ptbsi/Flipkart
05/04/2021,386448,734.27,DR,2392.2,UPI/15nzcf2uj03p@okaxis/P2M/sy3k6877@oksbi/Airtel
04/04/2021,418791,900.83,DR,1491.37,UPI/oihxbiolbyd6@okaxis/P2M/mkmxppao@ptbyl/VENNA
04/04/2021,,923.57,DR,567.8,UPI/szewv2cuaroh@ybl/P2M/gxix9f86@ptbsi/VENNA
04/04/2021,,53.82,DR,513.98,UPI/j4nzdd31ejru@paytm/P2M/mqpcun7e@paytm/Chala
04/04/2021,204877,405.53,DR,108.45,UPI/ilog9n7g162r@okaxis/P2M/b3314mcg@ptbsi/AxisBank
04/04/2021,,4120.64,CR,4229.09,UPI/zapj48zwte71@okhdfc
04/04/2021,760080,1072.52,DR,3156.57,UPI/yso0mylp26zf@okaxis/P2M/65khjmhr@paytm/BigBazaar
04/04/2021,,1016.32,DR,2140.25,UPI/svr2a9rzgc6f@okhdfc/P2M/o1rgvzom@paytm/Flipkart
04/04/2021,,1095.24,DR,1045.01,UPI/9kp22gysph4r@okaxis/P2M/wwspy7hv@ptbsi/AxisBank
04/04/2021,,1852.1,CR,2897.11,UPI/4kcx7az0bys9@okaxis
04/04/2021,912942,1032.41,DR,1864.7,UPI/nfpdoxopd0bl@okaxis/P2M/xa0z4fg3@paytm/Amazon
04/04/2021,,120.13,DR,1744.57,UPI/7y94tzi46ikc@paytm/P2M/mor0jele@paytm/Flipkart
04/04/2021,,524.59,CR,2269.16,UPI/s5l6rh41gpq2@paytm
03/04/2021,682159,150.31,DR,2118.85,UPI/9ul95ur1jmmz@okhdfc/P2M/uwhsaq4b@oksbi/Chala
03/04/2021,,1263.42,DR,855.43,UPI/krdqd25nltlo@oksbi/P2M/hemyidd8@ptbsi/Paytm
03/04/2021,314318,313.0,DR,542.43,UPI/npgho8nfwsrx@paytm/P2M/7gzcw843@ptbsi/Paytm
03/04/2021,391418,3905.38,CR,4447.81,UPI/2qsm1y9of9hh@ybl
03/04/2021,,562.78,DR,3885.03,UPI/tsy2o9hi0r7t@okaxis/P2M/l2q0wwnb@paytm/BigBazaar
03/04/2021,,1195.5,DR,2689.53,UPI/yr461ie400pq@oksbi/P2M/5be7ixrx@ptbsi/AxisBank
03/04/2021,,540.61,DR,2148.92,UPI/436fitpes6ax@axl/P2M/bm0jjmrm@ptbsi/Paytm
03/04/2021,869495,1244.4,DR,904.52,UPI/3kvfld5vpr4t@paytm/P2M/asfrd467@ptbyl/Paytm
03/04/2021,,429.88,DR,474.64,UPI/3k0tk9eizddq@paytm/P2M/l4zk2xnp@ptbsi/Airtel
02/04/2021,272332,4362.97,CR,4837.61,UPI/brozo2vw3ovf@okhdfc
02/04/2021,357895,1272.91,DR,3564.7,UPI/9d52ohvueood@oksbi/P2M/3sd8171u@ptbyl/Paytm
02/04/2021,,265.99,DR,3298.71,UPI/zjaooznr5m3d@axl/P2M/yj8ivk6e@oksbi/Edara
02/04/2021,551213,433.07,DR,2865.64,UPI/pwl8by8em4l3@okaxis/P2M/xedvunri@paytm/Chala
02/04/2021,,2289.96,CR,5155.6,UPI/957rtjexpxcl@axl
02/04/2021,,1102.19,DR,4053.41,UPI/bjqyuk9ytfsx@oksbi/P2M/djgdr4kp@ptbyl/Chala
02/04/2021,,1129.3,DR,2924.11,UPI/uv0jykt5dpr5@okaxis/P2M/a3e9yfym@paytm/Amazon
02/04/2021,,1035.1,DR,1889.01,UPI/2yfyarhmq3cp@axl/P2M/vuvo3k5d@ptbsi/Edara
02/04/2021,237832,3447.22,CR,5336.23,UPI/9rr43hpmglr6@paytm
02/04/2021,561552,156.66,DR,5179.57,UPI/zc4c6e5nh03a@paytm/P2M/b4xqixia@ptbsi/Edara
02/04/2021,521134,1086.44,DR,4093.13,UPI/yqdwqgouqx2n@okaxis/P2M/imky5ooy@ptbyl/Airtel
02/04/2021,274572,1400.79,DR,2692.34,UPI/c812km4g85pl@ybl/P2M/phgwkteu@paytm/Edara
01/04/2021,,1015.8,DR,1676.54,UPI/m5sk50pwe46x@oksbi/P2M/nof3y5f9@paytm/Flipkart
01/04/2021,,103.86,DR,1572.68,UPI/nqy7oube9hoe@axl/P2M/qm7n8ujm@ptbsi/Flipkart
01/04/2021,697418,300.22,CR,1872.9,UPI/9azk1f7ojs6b@ybl
01/04/2021,,566.36,DR,1306.54,UPI/iw5use336ghv@paytm/P2M/0nwbbtwh@oksbi/Flipkart
01/04/2021,,1298.58,DR,7.96,UPI/9d39v6ra0cer@okhdfc/P2M/0cglk9r6@ptbyl/Paytm
