Date,Instrument ID,Amount,Type,Balance,Remarks
30/06/2024,779281,709.07,DR,612.46,UPI/nvgw9mlh5wzi@okhdfc/P2M/2goqrsd1@ptbsi/Flipkart
30/06/2024,,90.87,DR,521.59,UPI/mkfkegz9p5at@okaxis/P2M/h4ze1xe0@paytm/Paytm
30/06/2024,870356,170.16,DR,351.43,UPI/eohs3s6uvtiu@axl/P2M/c07v2wrv@paytm/Amazon
30/06/2024,562415,186.57,DR,164.86,UPI/rk2uewlttsjy@okaxis/P2M/p7lp0jyh@oksbi/Edara
30/06/2024,212787,51.09,DR,113.77,UPI/eqbdcon6znpg@okhdfc/P2M/66txw51h@ptbsi/VENNA
30/06/2024,,4170.62,CR,4284.39,UPI/xya50vel8z0c@ybl
30/06/2024,,41.64,DR,4242.75,UPI/89kexr9hc8r9@paytm/P2M/vvxqwlkb@ptbyl/Paytm
30/06/2024,,81.11,DR,4161.64,UPI/uv2181coch3h@axl/P2M/yao25z8m@ptbsi/VENNA
30/06/2024,687985,1074.25,DR,3087.39,UPI/zqtuz5nnhvyc@axl/P2M/9kvyzakl@paytm/Paytm
30/06/2024,146236,1439.0,DR,1648.39,UPI/81j707ko40j1@okhdfc/P2M/qx3c4429@oksbi/Edara
30/06/2024,328987,1460.1,DR,188.29,UPI/mvf0ntb49kmb@axl/P2M/ycj2xxr7@paytm/VENNA
29/06/2024,,4920.42,CR,5108.71,UPI/nt0jjqqdfj9f@paytm
29/06/2024,,68.18,DR,5040.53,UPI/kd27rkdofqo8@oksbi/P2M/hafpo2cr@ptbsi/AxisBank
29/06/2024,515381,760.71,DR,4279.82,UPI/e0j085le1ow5@oksbi/P2M/hvbhfg78@paytm/Edara
29/06/2024,,147.97,DR,4131.85,UPI/toavwn2dssd3@ybl/P2M/0r6ftk4u@ptbyl/BigBazaar
29/06/2024,162958,1329.36,DR,2802.49,UPI/hbkn5ethar1p@axl/P2M/daltzl7v@ptbsi/Chala
29/06/2024,,822.77,DR,1979.72,UPI/f4u9scmjkpx0@oksbi/P2M/kiu6jlca@paytm/VENNA
29/06/2024,126979,609.92,DR,1369.8,UPI/hs4ubnsv5wd4@axl/P2M/cv9ivvo7@oksbi/Edara
29/06/2024,,4008.38,CR,5378.18,UPI/y4yk12g1xocv@paytm
29/06/2024,,713.85,DR,4664.33,UPI/uy8vlev09xlm@okhdfc/P2M/mo54zwwt@oksbi/Amazon
29/06/2024,,1192.1,DR,3472.23,UPI/p6wj8s3lj4xu@axl/P2M/rvxn6yqa@paytm/VENNA
29/06/2024,,262.77,DR,3209.46,UPI/z0zumkf1jmrm@oksbi/P2M/ex7wwyvm@ptbsi/AxisBank
28/06/2024,586894,830.68,DR,2378.78,UPI/ysr0zwz9mppk@ybl/P2M/ujzsleg7@ptbsi/Flipkart
28/06/2024,464821,471.03,DR,1907.75,UPI/mgc4snpna2y0@axl/P2M/twe03ht2@ptbsi/VENNA
28/06/2024,452487,1188.74,DR,719.01,UPI/dghzp721uwb3@paytm/P2M/ntt8nqco@ptbsi/BigBazaar
28/06/2024,932930,284.02,DR,434.99,UPI/twvt4fembvx3@paytm/P2M/lvth5v09@ptbsi/Airtel
28/06/2024,,463.46,CR,898.45,UPI/ivhzzuxr2dnl@okhdfc
28/06/2024,,749.52,DR,148.93,UPI/77gxxdzjliri@okaxis/P2M/s9gavxy3@paytm/Chala
28/06/2024,,2914.06,CR,3062.99,UPI/a1cf5vbnl2eh@okhdfc
28/06/2024,577235,769.12,DR,2293.87,UPI/mlh2w9tq0al9@ybl/P2M/1j5iegup@ptbsi/Chala
28/06/2024,,350.71,DR,1943.16,UPI/792dk8tyvasn@oksbi/P2M/ys8r55j9@ptbsi/Paytm
28/06/2024,289361,1301.12,DR,642.04,UPI/kjshei6nlshb@ybl/P2M/tq6c510y@oksbi/Chala
28/06/2024,,458.37,DR,183.67,UPI/p1il4ybwvfkq@okhdfc/P2M/u5ghyky4@oksbi/Edara
28/06/2024,187575,3255.71,CR,3439.38,UPI/kxgoz98cp4nx@okaxis
28/06/2024,901380,1093.53,DR,2345.85,UPI/3h8xl2idevyc@axl/P2M/j6wvneaq@ptbyl/Amazon
27/06/2024,,1497.17,DR,848.68,UPI/4kby33mq6mtr@oksbi/P2M/4j140g0y@oksbi/Airtel
27/06/2024,,2995.88,CR,3844.56,UPI/vjwdbj9nz1jc@okaxis
27/06/2024,775558,341.83,DR,3502.73,UPI/rk43bau8dgoi@axl/P2M/2anvn16l@ptbyl/Airtel
27/06/2024,,1122.53,DR,2380.2,UPI/ii351izytd25@paytm/P2M/9xxaexd1@ptbsi/AxisBank
27/06/2024,,946.82,DR,1433.38,UPI/wq0rkil2ae1v@oksbi/P2M/bbdu0opd@ptbyl/Chala
27/06/2024,,942.99,DR,490.39,UPI/3zf1io3ob5pw@axl/P2M/ie1xezpz@ptbsi/BigBazaar
27/06/2024,,113.84,DR,376.55,UPI/g4qb2fg78vw0@okaxis/P2M/aiq8dxzo@ptbyl/AxisBank
27/06/2024,736756,160.92,DR,215.63,UPI/h68iky9qqsho@okaxis/P2M/f76zbrxe@oksbi/Airtel
26/06/2024,892412,111.49,DR,104.14,UPI/80m3alurawv0@okaxis/P2M/m4j68oy2@ptbyl/Airtel
26/06/2024,266888,1103.03,CR,1207.17,UPI/ysaaiwbydw7o@okhdfc
26/06/2024,,38.27,DR,1168.9,UPI/q9kqeq5n6pjo@axl/P2M/kkbjms6c@ptbsi/Chala
26/06/2024,,142.21,DR,1026.69,UPI/a22y9pb9ds6i@oksbi/P2M/u8dgroeo@oksbi/Airtel
26/06/2024,,16.4,DR,1010.29,UPI/sbn41ghj6n59@paytm/P2M/41yefjiu@paytm/Flipkart
26/06/2024,,131.91,DR,878.38,UPI/t0lgq666efqu@okaxis/P2M/hswdgzbl@paytm/Chala
26/06/2024,,350.14,DR,528.24,UPI/qfymkgefp844@okhdfc/P2M/1klvu72x@ptbsi/Edara
25/06/2024,633342,3479.08,CR,4007.32,UPI/2d4ao5qlcq91@paytm
25/06/2024,732991,1351.49,DR,2655.83,UPI/occshl7azhqp@ybl/P2M/fi2pqks1@ptbyl/Paytm
25/06/2024,247680,170.82,CR,2826.65,UPI/uc36dm1q15em@okhdfc
25/06/2024,,127.54,DR,2699.11,UPI/9qszj9kwu5co@okhdfc/P2M/fobnb99d@ptbsi/Chala
25/06/2024,,778.93,DR,1920.18,UPI/tehjcqj0cts0@axl/P2M/bvhgz87p@ptbyl/Amazon
25/06/2024,,26.87,DR,1893.31,UPI/1e00cwtsygcr@paytm/P2M/wzviqc08@ptbsi/AxisBank
25/06/2024,,94.86,DR,1798.45,UPI/jfv0m3f4omcj@okaxis/P2M/jxta11om@oksbi/Edara
25/06/2024,810039,345.13,CR,2143.58,UPI/jy646vi7kq1c@okaxis
25/06/2024,956499,203.21,DR,1940.37,UPI/3q8ibxc5m9mt@okhdfc/P2M/prw4kh1i@ptbyl/BigBazaar
25/06/2024,219410,1143.41,DR,796.96,UPI/19u1vcfdqmov@oksbi/P2M/3ll9cfay@oksbi/Airtel
25/06/2024,648207,112.47,DR,684.49,UPI/cx5stcxrc1dr@oksbi/P2M/hn6mc4re@paytm/Chala
25/06/2024,641511,87.31,DR,597.18,UPI/pz08zgu3stzc@oksbi/P2M/qpekfssn@ptbsi/Edara
25/06/2024,166927,133.2,DR,463.98,UPI/9cxmyg4v3kzf@okhdfc/P2M/6sx6vspx@oksbi/BigBazaar
24/06/2024,351717,276.35,DR,187.63,UPI/3i41e26ahoko@okhdfc/P2M/nbod39ua@ptbsi/Edara
24/06/2024,,1855.84,CR,2043.47,UPI/j3zsnbdxf6tt@okaxis
24/06/2024,,368.68,CR,2412.15,UPI/9c1a2yjof0pq@okhdfc
24/06/2024,,912.98,DR,1499.17,UPI/bl3fj3mtkya9@okaxis/P2M/d7cg4l56@oksbi/AxisBank
24/06/2024,,181.86,DR,1317.31,UPI/7azohhf9d4vf@okaxis/P2M/pdidkrye@ptbyl/Edara
24/06/2024,,285.65,DR,1031.66,UPI/ugxlz534e9vg@ybl/P2M/mh5nylri@ptbyl/BigBazaar
24/06/2024,,4917.05,CR,5948.71,UPI/kjeab89re0t0@axl
24/06/2024,928918,485.59,DR,5463.12,UPI/g4hkfvi7jfo4@axl/P2M/aqlol4ze@paytm/Flipkart
24/06/2024,944715,1004.19,DR,4458.93,UPI/8kkmzid78lce@okhdfc/P2M/lbaxdn1k@ptbyl/Flipkart
24/06/2024,,1320.54,DR,3138.39,UPI/b7gio2ovofe7@oksbi/P2M/ia8y4vw6@oksbi/AxisBank
24/06/2024,,719.42,DR,2418.97,UPI/zag020i0any0@oksbi/P2M/02409rgg@oksbi/Edara
24/06/2024,,4786.79,CR,7205.76,UPI/cnsv3zfyyx0o@oksbi
24/06/2024,155766,705.19,DR,6500.57,UPI/3cnbyj363b8z@oksbi/P2M/ilex7w2m@paytm/VENNA
23/06/2024,216641,819.22,DR,5681.35,UPI/5rzc7d3fdoly@paytm/P2M/2cnr5u1g@paytm/Amazon
23/06/2024,,1472.16,DR,4209.19,UPI/odxaamw1pudx@oksbi/P2M/1uxxta82@ptbsi/Chala
23/06/2024,670260,1102.65,DR,3106.54,UPI/hk56k2b5rl05@oksbi/P2M/yye5lrjh@oksbi/Paytm
23/06/2024,233912,385.59,DR,2720.95,UPI/zhdgbdkrjdv0@oksbi/P2M/imnis65i@paytm/AxisBank
23/06/2024,,1130.89,DR,1590.06,UPI/94a1wb9k8gh5@oksbi/P2M/p8w81s85@paytm/Airtel
23/06/2024,,1105.64,DR,484.42,UPI/fx5v8zdgtn3s@axl/P2M/gbskwb5z@paytm/Chala
23/06/2024,,443.5,DR,40.92,UPI/ywet9lb1d2bh@okaxis/P2M/oyfuyt2o@paytm/Flipkart
23/06/2024,185624,2470.18,CR,2511.1,UPI/sra3qm4xiwe8@oksbi
23/06/2024,699158,1402.07,DR,1109.03,UPI/4p70g1zt4c5e@okaxis/P2M/o5y6jkcq@oksbi/AxisBank
23/06/2024,473779,628.29,DR,480.74,UPI/1whw84wtog4u@okhdfc/P2M/iwf1qabk@oksbi/Flipkart
23/06/2024,,13.19,DR,467.55,UPI/kiifhsx51wmj@oksbi/P2M/9k67vmz7@paytm/Paytm
23/06/2024,933058,2059.4,CR,2526.95,UPI/3vsl85gt4n6x@paytm
23/06/2024,,776.97,DR,1749.98,UPI/ehhch54hr363@paytm/P2M/wjcfyibf@oksbi/Flipkart
23/06/2024,170447,63.88,DR,1686.1,UPI/98fy8xecs7ml@ybl/P2M/vm78600c@paytm/Paytm
22/06/2024,601978,35.25,DR,1650.85,UPI/2k3yg15g7818@paytm/P2M/2d2b9bwu@ptbsi/Amazon
22/06/2024,,364.88,DR,1285.97,UPI/w986pisbq57z@okaxis/P2M/mjbmrhzu@oksbi/Amazon
22/06/2024,523851,363.17,DR,922.8,UPI/m2bpnk50757h@oksbi/P2M/d5pikjzf@oksbi/BigBazaar
22/06/2024,,716.47,DR,206.33,UPI/ixlsb80jzi8z@oksbi/P2M/sqbp0vdf@ptbyl/Airtel
22/06/2024,,2377.92,CR,2584.25,UPI/vmqqe8vstcdr@axl
22/06/2024,,899.03,DR,1685.22,UPI/sztr4kvh8or1@ybl/P2M/02brdsxa@paytm/Flipkart
22/06/2024,226148,80.33,DR,1604.89,UPI/1ipvsk8fxafu@okaxis/P2M/jyo3lb83@paytm/Paytm
22/06/2024,,363.2,DR,1241.69,UPI/e38ys06aax7r@ybl/P2M/soi3r88o@ptbsi/Edara
21/06/2024,,655.01,CR,1896.7,UPI/hfzzamr3w03e@okaxis
21/06/2024,,1373.21,DR,523.49,UPI/ly9lt625lrzo@oksbi/P2M/d3f6eka2@ptbyl/Edara
21/06/2024,,382.1,CR,905.59,UPI/1eulj059rukd@ybl
21/06/2024,,58.4,DR,847.19,UPI/73rrsnqrardt@okhdfc/P2M/wm5696rz@ptbsi/VENNA
21/06/2024,483733,399.62,DR,447.57,UPI/2w6ycvyoj001@ybl/P2M/obqmk65f@oksbi/AxisBank
21/06/2024,466607,20.57,DR,427.0,UPI/udyp2eev7wns@ybl/P2M/igdndtpa@oksbi/Amazon
21/06/2024,,347.06,DR,79.94,UPI/84arvjhjw97e@okhdfc/P2M/slkpk9um@ptbsi/BigBazaar
20/06/2024,,3195.46,CR,3275.4,UPI/bmh39jnig5e4@axl
20/06/2024,228665,861.12,DR,2414.28,UPI/eabzlj1sil36@oksbi/P2M/63bto4en@ptbyl/VENNA
20/06/2024,,324.34,DR,2089.94,UPI/j9pb91peweqv@oksbi/P2M/x2lg67mc@ptbyl/AxisBank
20/06/2024,977096,863.0,DR,1226.94,UPI/oshi87jtxtvu@paytm/P2M/ex0c3o2c@ptbyl/Flipkart
20/06/2024,,255.93,DR,971.01,UPI/cb33o5h63t81@ybl/P2M/4olh6a43@paytm/Amazon
20/06/2024,672023,401.34,DR,569.67,UPI/7ld6fsawtdyz@paytm/P2M/oaxeo13j@ptbyl/Edara
20/06/2024,,562.1,DR,7.57,UPI/5kg3zm0ub919@ybl/P2M/hl607fiq@ptbsi/BigBazaar
20/06/2024,923642,1092.27,CR,1099.84,UPI/55y5ndff25a2@axl
20/06/2024,,952.44,DR,147.4,UPI/36ceqw158hvr@okaxis/P2M/f2438u4i@ptbyl/Chala
19/06/2024,735385,714.15,CR,861.55,UPI/1xouiaqulbw1@okhdfc
19/06/2024,857077,208.97,DR,652.58,UPI/pk4bpo35umt9@paytm/P2M/54te0ltr@paytm/BigBazaar
19/06/2024,822129,4242.97,CR,4895.55,UPI/srwqno9lajij@paytm
19/06/2024,,170.22,DR,4725.33,UPI/ki4r5tozi8ei@ybl/P2M/2gg5bx9p@ptbsi/Paytm
19/06/2024,132509,843.79,DR,3881.54,UPI/efmixw2mndqr@paytm/P2M/epogdytb@paytm/Edara
19/06/2024,235819,1021.57,DR,2859.97,UPI/w5dwd9m2g3ko@okaxis/P2M/ldcla9sn@oksbi/AxisBank
19/06/2024,,711.15,DR,2148.82,UPI/sw49am1zk4i0@okhdfc/P2M/11t03bu0@ptbyl/AxisBank
19/06/2024,,241.24,DR,1907.58,UPI/s681ii0zodso@ybl/P2M/05c312tv@ptbsi/Airtel
19/06/2024,,171.13,DR,1736.45,UPI/r8igm749zmdp@axl/P2M/t1npbnv9@ptbyl/Chala
19/06/2024,822171,164.54,CR,1900.99,UPI/o47ib21bwz82@paytm
19/06/2024,,190.72,DR,1710.27,UPI/yqpynpx650aw@axl/P2M/xgz57eot@ptbyl/Flipkart
19/06/2024,,660.15,DR,1050.12,UPI/3kgnaiily572@oksbi/P2M/1hbw0h5r@ptbyl/Chala
18/06/2024,,352.35,DR,697.77,UPI/gei2chyf1rwx@oksbi/P2M/zawk60g1@ptbyl/Edara
18/06/2024,,83.02,DR,614.75,UPI/p9gc8waqnhgi@okaxis/P2M/lqw56dn9@ptbsi/BigBazaar
18/06/2024,,478.73,DR,136.02,UPI/4kr5kwywb9pl@ybl/P2M/y949jx1f@ptbyl/Flipkart
18/06/2024,369237,3821.96,CR,3957.98,UPI/6fzayf8n0k41@okaxis
18/06/2024,,609.55,DR,3348.43,UPI/w72b8085sjwi@paytm/P2M/hui12b22@ptbsi/Edara
18/06/2024,392991,106.14,DR,3242.29,UPI/b8nk3puhh05f@okhdfc/P2M/58yag7ya@ptbyl/Flipkart
18/06/2024,707613,1225.52,DR,2016.77,UPI/ynbspych6phr@okhdfc/P2M/isd4z3ri@ptbsi/Chala
18/06/2024,,926.87,DR,1089.9,UPI/3lclqzc6jawp@oksbi/P2M/g3x77pbt@oksbi/Edara
17/06/2024,671282,900.59,DR,189.31,UPI/07xwdtj4gvgl@paytm/P2M/q4nn10r7@oksbi/Paytm
17/06/2024,,1550.09,CR,1739.4,UPI/l27f918b1kri@okaxis
17/06/2024,,424.7,DR,1314.7,UPI/b7ynz6qpci1z@axl/P2M/u7no44hl@ptbyl/BigBazaar
17/06/2024,564161,589.3,DR,725.4,UPI/fvsum829g2fi@paytm/P2M/rbf7vjvl@oksbi/Edara
17/06/2024,,53.02,DR,672.38,UPI/7eq8e508fz9p@ybl/P2M/n2kp0q0e@ptbyl/AxisBank
17/06/2024,742498,312.87,DR,359.51,UPI/0j3wrem5tut3@axl/P2M/q6pv112t@paytm/Edara
17/06/2024,,290.25,DR,69.26,UPI/g805omxitjbf@okhdfc/P2M/wp8tzn2e@ptbyl/Edara
17/06/2024,155894,232.15,CR,301.41,UPI/mlrj7thr36e6@paytm
16/06/2024,809378,495.62,CR,797.03,UPI/679qlg7d7fbf@paytm
16/06/2024,875563,241.49,DR,555.54,UPI/10v4dp9rq42t@ybl/P2M/ex8choav@oksbi/BigBazaar
16/06/2024,700702,87.17,DR,468.37,UPI/pxf8iseaxzqa@oksbi/P2M/7din9fm8@ptbyl/VENNA
16/06/2024,,3818.83,CR,4287.2,UPI/91lr5ieb5rc3@ybl
16/06/2024,,141.26,DR,4145.94,UPI/pdonawqx9hp0@paytm/P2M/g4j8guib@paytm/Amazon
16/06/2024,,1249.67,DR,2896.27,UPI/mh5oo432mhoj@oksbi/P2M/4tixv53k@ptbyl/Flipkart
16/06/2024,,1166.33,DR,1729.94,UPI/d4awama4pi7t@oksbi/P2M/wqopop4m@ptbsi/Edara
16/06/2024,,1249.63,DR,480.31,UPI/m88948es963k@ybl/P2M/p4dlqxwn@ptbsi/Flipkart
16/06/2024,359014,283.15,DR,197.16,UPI/6aphhzepwd62@ybl/P2M/82bbp7pn@ptbsi/Amazon
15/06/2024,,3611.21,CR,3808.37,UPI/qarbrfdghebo@paytm
15/06/2024,220105,4706.82,CR,8515.19,UPI/qzwmp6w32x7p@axl
15/06/2024,,2411.65,CR,10926.84,UPI/tl2ese6sqyml@okaxis
15/06/2024,174287,1065.21,DR,9861.63,UPI/rsvp31lrsr3u@ybl/P2M/uxbja5fw@paytm/Airtel
15/06/2024,291885,522.83,DR,9338.8,UPI/huuynzv8wjj6@ybl/P2M/t692l1u3@ptbsi/Airtel
15/06/2024,,1116.92,DR,8221.88,UPI/ilg7aq0kmz3p@paytm/P2M/0xov7p5n@paytm/Paytm
15/06/2024,,3831.31,CR,12053.19,UPI/y5slr29tikgf@paytm
15/06/2024,789154,393.5,DR,11659.69,UPI/9mly4rp7rmam@axl/P2M/lkedyhuf@ptbyl/Flipkart
15/06/2024,,65.04,DR,11594.65,UPI/kqa2alqvoajh@oksbi/P2M/3c9r6u45@oksbi/BigBazaar
15/06/2024,,35.55,DR,11559.1,UPI/dgquw4f1ti93@ybl/P2M/vqrpvxo4@paytm/AxisBank
15/06/2024,,1474.13,DR,10084.97,UPI/s5qusegqy4l1@axl/P2M/52iystxw@ptbsi/Airtel
15/06/2024,,634.72,DR,9450.25,UPI/obpif8oivnqh@oksbi/P2M/p4pf0suz@ptbsi/BigBazaar
15/06/2024,,648.2,DR,8802.05,UPI/lauyrg7odofj@okaxis/P2M/we2e2jgs@ptbsi/BigBazaar
15/06/2024,376441,348.96,DR,8453.09,UPI/fhxreicj8cgs@axl/P2M/oqdr39yp@ptbsi/Edara
15/06/2024,,1178.69,DR,7274.4,UPI/65u5n09q6k1l@paytm/P2M/1xtz0e64@ptbyl/AxisBank
14/06/2024,232876,636.12,DR,6638.28,UPI/uuv6a6jm91ou@axl/P2M/yaswm0w0@ptbyl/Chala
14/06/2024,788238,245.71,DR,6392.57,UPI/bnyo1v42m8c0@oksbi/P2M/mqnb01ln@paytm/BigBazaar
14/06/2024,,690.31,DR,5702.26,UPI/rx09tp4pfmuv@ybl/P2M/yqz1ue0x@paytm/Airtel
14/06/2024,874284,3143.91,CR,8846.17,UPI/mb9ucf4kosn1@paytm
14/06/2024,893630,945.58,DR,7900.59,UPI/ahavw53ti06v@axl/P2M/w1sh6bv0@ptbyl/BigBazaar
14/06/2024,619096,1358.08,DR,6542.51,UPI/hlt5xgx3ahlf@oksbi/P2M/ituon2jk@ptbyl/AxisBank
14/06/2024,,4581.41,CR,11123.92,UPI/g79qsl3l7nji@oksbi
14/06/2024,,420.52,DR,10703.4,UPI/awm9rpq1n165@okhdfc/P2M/la2ozc03@ptbsi/AxisBank
14/06/2024,665325,1216.69,DR,9486.71,UPI/mycklh69283x@oksbi/P2M/wtot26nn@ptbyl/Amazon
14/06/2024,651547,663.31,DR,8823.4,UPI/xs5iaj2vbwm1@axl/P2M/e0jyb6yq@oksbi/BigBazaar
14/06/2024,,1177.92,DR,7645.48,UPI/mpf2disdtqua@okaxis/P2M/sprf8wda@oksbi/Flipkart
14/06/2024,834703,806.76,DR,6838.72,UPI/107ksjyus0x7@oksbi/P2M/2sf6cxk0@oksbi/Paytm
14/06/2024,,660.27,DR,6178.45,UPI/qwboh0j4rsvc@ybl/P2M/4csoj8e0@ptbsi/VENNA
14/06/2024,,249.23,DR,5929.22,UPI/0gb6r3chbo9s@okaxis/P2M/a1smtnuz@ptbsi/VENNA
14/06/2024,,75.82,DR,5853.4,UPI/unzo2zokjg61@axl/P2M/8bher0un@oksbi/Edara
14/06/2024,,732.49,DR,5120.91,UPI/skbmhzbcjyq8@ybl/P2M/dmfb6522@paytm/VENNA
13/06/2024,238697,1414.25,CR,6535.16,UPI/hae24wi30mnr@paytm
13/06/2024,851200,127.42,DR,6407.74,UPI/tlnmzvdqfh3p@okhdfc/P2M/6sy0d91u@oksbi/Flipkart
13/06/2024,,2586.51,CR,8994.25,UPI/zzyq39xstrje@ybl
13/06/2024,,129.79,DR,8864.46,UPI/taq1zve35bt2@axl/P2M/sslqaazo@ptbsi/Edara
13/06/2024,,701.67,DR,8162.79,UPI/koxyjppp87pr@oksbi/P2M/bckybx5r@ptbyl/Flipkart
13/06/2024,,714.41,DR,7448.38,UPI/c8kn5mg3yiav@okaxis/P2M/g4efsuso@paytm/BigBazaar
13/06/2024,,616.63,CR,8065.01,UPI/tyk0u8xv7u9e@axl
13/06/2024,777857,671.57,DR,7393.44,UPI/zyc7qzab9p00@paytm/P2M/gf8ly38p@ptbyl/Chala
13/06/2024,280200,451.74,DR,6941.7,UPI/7t950ch3pixp@okaxis/P2M/lu5lleiu@ptbyl/BigBazaar
13/06/2024,,1275.9,DR,5665.8,UPI/yqb0elwm5yls@oksbi/P2M/f3bw0olv@ptbsi/Paytm
13/06/2024,934403,612.03,DR,5053.77,UPI/1cj7bijkrzkc@okhdfc/P2M/4abat4sm@ptbsi/BigBazaar
13/06/2024,,198.23,CR,5252.0,UPI/t9bbylvxix1c@paytm
13/06/2024,,1209.2,DR,4042.8,UPI/b2jps8k6ozm9@paytm/P2M/kk4hcox9@ptbsi/AxisBank
13/06/2024,799185,1157.83,DR,2884.97,UPI/nwzmvujqwccg@okaxis/P2M/jnjkv59p@ptbsi/BigBazaar
13/06/2024,,1333.31,DR,1551.66,UPI/jn3nq2knbed5@axl/P2M/auxsdkse@paytm/Edara
13/06/2024,844542,768.05,DR,783.61,UPI/uqcrxwsbqxbm@okaxis/P2M/28ky3j8g@ptbyl/Paytm
12/06/2024,147927,2493.07,CR,3276.68,UPI/80ijdzgexjew@okaxis
12/06/2024,,289.9,DR,2986.78,UPI/gtoso4fnokul@okhdfc/P2M/s2h6286l@oksbi/BigBazaar
12/06/2024,,410.0,DR,2576.78,UPI/zi94xrp9sa7m@ybl/P2M/b0txk1k6@ptbsi/BigBazaar
12/06/2024,,1357.56,DR,1219.22,UPI/k3mb4sus36k5@oksbi/P2M/l0lvrs2n@paytm/Edara
12/06/2024,,94.78,DR,1124.44,UPI/32y5xlx8ik26@paytm/P2M/iudjdvn4@paytm/AxisBank
12/06/2024,299513,245.57,DR,878.87,UPI/w8sebfip0hj4@okhdfc/P2M/hb2m5bjt@oksbi/Paytm
12/06/2024,394685,140.57,DR,738.3,UPI/5k2leilc8i5x@oksbi/P2M/zkarq2zl@ptbsi/Flipkart
12/06/2024,,4498.67,CR,5236.97,UPI/v2fj8m3h6dv7@okaxis
12/06/2024,,4287.08,CR,9524.05,UPI/1l9rw29z5rsj@oksbi
12/06/2024,,740.77,DR,8783.28,UPI/o9pamsolygxb@okaxis/P2M/tiu2lz7b@paytm/VENNA
12/06/2024,,63.88,DR,8719.4,UPI/0kvh5yg5p5hj@axl/P2M/1ae59yqu@oksbi/Edara
12/06/2024,732031,1030.58,DR,7688.82,UPI/jwdhxg5djzbw@oksbi/P2M/cde6bly8@paytm/Paytm
12/06/2024,976134,751.06,DR,6937.76,UPI/rsg3qmp93ggi@oksbi/P2M/1mifzeno@oksbi/VENNA
12/06/2024,,1252.89,CR,8190.65,UPI/kes0d9b7b1ge@ybl
12/06/2024,,38.07,DR,8152.58,UPI/f96iq6379dqy@okaxis/P2M/18omuahj@oksbi/AxisBank
12/06/2024,,2304.07,CR,10456.65,UPI/paz4bsnqgk5j@ybl
11/06/2024,,651.51,DR,9805.14,UPI/kmeldervea3z@okaxis/P2M/jmo5ua5g@paytm/AxisBank
11/06/2024,,174.58,DR,9630.56,UPI/gg7lb4xn756f@oksbi/P2M/2pekdbpz@oksbi/Flipkart
11/06/2024,,4236.33,CR,13866.89,UPI/qgik1vu70fl3@okaxis
11/06/2024,970309,839.64,DR,13027.25,UPI/tnokg1evm51b@paytm/P2M/m06sp22g@ptbsi/Flipkart
11/06/2024,,903.08,DR,12124.17,UPI/9pibgjjs8w8a@paytm/P2M/6yb3s8yf@ptbsi/Edara
11/06/2024,184890,129.86,DR,11994.31,UPI/l6iv4p5eit5x@paytm/P2M/rmqyx34a@ptbyl/Chala
11/06/2024,,557.58,DR,11436.73,UPI/mu7pbafuhabn@axl/P2M/j9hgjkfg@paytm/Flipkart
11/06/2024,979005,231.53,DR,11205.2,UPI/hrkdodc2zjqa@okaxis/P2M/t4q4050r@oksbi/Amazon
11/06/2024,412347,3433.66,CR,14638.86,UPI/ekl5gerfpwuk@ybl
11/06/2024,,804.42,DR,13834.44,UPI/kffut27dn17n@axl/P2M/gb4mxhtm@ptbsi/Airtel
11/06/2024,,4914.97,CR,18749.41,UPI/z875shw498i4@ybl
11/06/2024,,293.52,DR,18455.89,UPI/safu2fg6uzim@okhdfc/P2M/gho5xzuu@ptbyl/Chala
11/06/2024,976448,364.3,DR,18091.59,UPI/mwrt23fha7ck@axl/P2M/og3shaik@ptbyl/Paytm
11/06/2024,,1370.82,DR,16720.77,UPI/5ttgh3rrnprb@oksbi/P2M/37g93tt8@paytm/BigBazaar
11/06/2024,665888,520.41,DR,16200.36,UPI/44vwrv92al08@okhdfc/P2M/g5dspl9g@ptbyl/Chala
11/06/2024,425429,1210.02,DR,14990.34,UPI/aged0vptbl7f@ybl/P2M/1ilkuce5@paytm/Flipkart
10/06/2024,,3484.34,CR,18474.68,UPI/nydgweyvo3z5@okhdfc
10/06/2024,884220,953.41,DR,17521.27,UPI/ffn7xpvp4t2n@axl/P2M/n1738n0v@oksbi/BigBazaar
10/06/2024,,1181.73,DR,16339.54,UPI/5uxm2jsqcvhf@okhdfc/P2M/gx61i3xt@ptbsi/Airtel
10/06/2024,,804.09,DR,15535.45,UPI/uxlhb4hds8a3@okaxis/P2M/albih4ri@ptbsi/BigBazaar
10/06/2024,,197.77,DR,15337.68,UPI/zn6jzlwj0fad@okaxis/P2M/ae8c2j0r@paytm/Paytm
10/06/2024,556069,367.31,DR,14970.37,UPI/ccs64ghi7roc@ybl/P2M/3zyd2n11@ptbsi/Flipkart
10/06/2024,,848.77,DR,14121.6,UPI/6cni8vfrmwwp@okhdfc/P2M/lf10nd4l@ptbyl/Amazon
10/06/2024,547375,34.47,DR,14087.13,UPI/n8np2lrrhexn@paytm/P2M/c6dus1ni@ptbsi/VENNA
10/06/2024,280198,190.48,DR,13896.65,UPI/f2of18p582r5@axl/P2M/c2m91sht@oksbi/Amazon
10/06/2024,803962,1405.51,DR,12491.14,UPI/tn6a46ujp4s1@axl/P2M/v6nddqtm@paytm/Edara
10/06/2024,668616,903.64,DR,11587.5,UPI/cw74egjyf4nh@okaxis/P2M/5cf1pkbp@paytm/Chala
10/06/2024,453128,885.11,DR,10702.39,UPI/3zcdgwgkka5x@paytm/P2M/r18zloka@ptbyl/Edara
10/06/2024,,890.89,DR,9811.5,UPI/cvdd3s3takxg@okaxis/P2M/grvfqxn5@paytm/VENNA
10/06/2024,,1235.78,DR,8575.72,UPI/xrf7lup1wzsg@paytm/P2M/4tq5rsoa@paytm/Edara
10/06/2024,306986,98.63,DR,8477.09,UPI/dm3w2ythskbs@okaxis/P2M/uv7oh59h@paytm/Paytm
10/06/2024,,229.41,DR,8247.68,UPI/x76dgxjtq49d@ybl/P2M/gnd4azxc@paytm/AxisBank
09/06/2024,422737,1134.03,DR,7113.65,UPI/6josvntxwqvd@paytm/P2M/csm6osvw@ptbyl/Airtel
09/06/2024,,4006.03,CR,11119.68,UPI/3guu59sak423@paytm
09/06/2024,,1158.96,DR,9960.72,UPI/xy23ndvjdcn9@ybl/P2M/xw9sfbk7@paytm/Paytm
09/06/2024,864500,803.25,DR,9157.47,UPI/nur8yfl546b5@axl/P2M/ypthv3op@ptbsi/Paytm
09/06/2024,,1348.33,DR,7809.14,UPI/o7l8glloegyi@oksbi/P2M/l54061tm@oksbi/BigBazaar
09/06/2024,,1073.12,DR,6736.02,UPI/8u8hwg70gtjd@okhdfc/P2M/lvm0i0yh@ptbyl/VENNA
09/06/2024,,2506.19,CR,9242.21,UPI/zrkpdkotyz6o@okhdfc
09/06/2024,,36.9,DR,9205.31,UPI/mwfryg9mgn2b@okaxis/P2M/4w4vrsl1@oksbi/Edara
09/06/2024,627084,1431.34,DR,7773.97,UPI/5em5vaey1fje@paytm/P2M/e98uvwha@oksbi/Airtel
09/06/2024,,77.07,DR,7696.9,UPI/m85y8jh6dx25@oksbi/P2M/rm6kexw1@oksbi/Airtel
09/06/2024,298945,378.17,DR,7318.73,UPI/ad74i3yfid2i@oksbi/P2M/9b3eyqfn@oksbi/VENNA
09/06/2024,,1188.77,DR,6129.96,UPI/7352nd49rasv@axl/P2M/tjgwbbjs@oksbi/AxisBank
09/06/2024,,311.35,DR,5818.61,UPI/apftkj7uwbap@oksbi/P2M/bt80h5od@ptbsi/AxisBank
09/06/2024,777539,116.32,DR,5702.29,UPI/h628n1vrnvud@okhdfc/P2M/412qpaqg@ptbyl/Amazon
09/06/2024,954764,442.46,DR,5259.83,UPI/0rgd7cmkj0sk@okhdfc/P2M/eqhtia5u@paytm/Paytm
09/06/2024,714438,1018.83,DR,4241.0,UPI/06ljd4zct99v@oksbi/P2M/k05dizx1@ptbsi/BigBazaar
08/06/2024,,1317.91,DR,2923.09,UPI/3atf8mz7ku7f@axl/P2M/k19sz09j@ptbyl/VENNA
08/06/2024,149221,1160.27,DR,1762.82,UPI/2af4hyuy1nf3@oksbi/P2M/v6m7pqk7@oksbi/VENNA
08/06/2024,829400,1003.92,DR,758.9,UPI/g20tkyqj9b2r@ybl/P2M/j4ul7rma@ptbsi/Paytm
08/06/2024,252157,528.25,DR,230.65,UPI/v51htkysp0y7@axl/P2M/iej9v84u@ptbyl/Chala
08/06/2024,,311.22,CR,541.87,UPI/ricpimip2sbp@ybl
08/06/2024,,4430.31,CR,4972.18,UPI/xsunr05iiiff@paytm
08/06/2024,428580,197.13,DR,4775.05,UPI/p9vythlnoojw@ybl/P2M/5wxo6lm1@ptbyl/AxisBank
08/06/2024,482226,207.35,DR,4567.7,UPI/il9h566wmlt1@oksbi/P2M/lc96ns22@paytm/VENNA
08/06/2024,803162,308.5,DR,4259.2,UPI/25dd9mvjum7y@axl/P2M/i3e1w9h8@ptbsi/VENNA
08/06/2024,282310,1358.96,DR,2900.24,UPI/smz8791qf816@okhdfc/P2M/kb3ulq47@ptbsi/Amazon
08/06/2024,534808,289.99,DR,2610.25,UPI/nrrya049e60w@oksbi/P2M/j34owrje@ptbsi/Edara
08/06/2024,,120.3,DR,2489.95,UPI/l8bas7cci8am@axl/P2M/eno34g3b@ptbyl/Chala
07/06/2024,,1075.75,DR,1414.2,UPI/ttgi2hkp8hep@ybl/P2M/ee9mzrx8@paytm/Edara
07/06/2024,134309,791.61,DR,622.59,UPI/0ncwnds7o37q@ybl/P2M/nefoko36@paytm/VENNA
07/06/2024,,1410.28,CR,2032.87,UPI/vyvjlo2bog1j@okaxis
07/06/2024,,92.3,DR,1940.57,UPI/u5tcd8tma5zf@paytm/P2M/lsgkv7u7@ptbsi/AxisBank
07/06/2024,,129.7,DR,1810.87,UPI/qc7cef3c21vu@oksbi/P2M/eazptggc@ptbsi/Chala
07/06/2024,,1204.89,DR,605.98,UPI/d0upo9cxv43j@okhdfc/P2M/wb334nc8@paytm/Chala
07/06/2024,763649,191.55,DR,414.43,UPI/sarfpj94cbxa@paytm/P2M/lkl7n3fd@paytm/Paytm
07/06/2024,,1411.97,CR,1826.4,UPI/7ovvmocswvea@okhdfc
07/06/2024,768325,84.64,DR,1741.76,UPI/j611r4rpzp92@paytm/P2M/jmijk6jg@ptbyl/Airtel
07/06/2024,,901.02,DR,840.74,UPI/lfrwo0wkga0z@paytm/P2M/au9qcncz@ptbyl/Chala
07/06/2024,356020,67.89,DR,772.85,UPI/adu1qiaakgm9@paytm/P2M/mrbxipsj@oksbi/AxisBank
06/06/2024,,122.14,DR,650.71,UPI/grwg5e76zi2o@axl/P2M/aunwz7ev@oksbi/Paytm
06/06/2024,,197.84,DR,452.87,UPI/i9h88b97s9ch@ybl/P2M/y8w00yiz@paytm/BigBazaar
06/06/2024,,421.81,DR,31.06,UPI/m6xxi0z8gbd0@oksbi/P2M/j7y3dvnq@paytm/Paytm
06/06/2024,660785,4756.52,CR,4787.58,UPI/y1v8gyyij8ks@oksbi
06/06/2024,,564.7,DR,4222.88,UPI/qcbbrt7h7k5x@okaxis/P2M/wpnjeytk@paytm/Flipkart
06/06/2024,,1505.98,CR,5728.86,UPI/2siddfp8c7yg@oksbi
06/06/2024,886777,3366.66,CR,9095.52,UPI/ioerf8rl50mi@okaxis
06/06/2024,,1248.1,DR,7847.42,UPI/j61jte26bn7c@axl/P2M/h3scyw0y@ptbyl/Amazon
06/06/2024,,4456.76,CR,12304.18,UPI/9jqus3xuj6lw@ybl
05/06/2024,,792.34,DR,11511.84,UPI/bsx6scxeuo2f@oksbi/P2M/hf7lbgry@ptbsi/Edara
05/06/2024,,215.49,DR,11296.35,UPI/4xrir08flaaf@ybl/P2M/twztlmpc@ptbsi/AxisBank
05/06/2024,,72.57,DR,11223.78,UPI/5441955n7suj@axl/P2M/p0jdtzxy@ptbsi/BigBazaar
05/06/2024,,2540.61,CR,13764.39,UPI/rm5gq91arldl@oksbi
05/06/2024,721919,1288.74,DR,12475.65,UPI/qs4yxto3g85i@axl/P2M/ls473bjd@oksbi/Edara
05/06/2024,,854.63,DR,11621.02,UPI/z3xofsdu4l97@ybl/P2M/gaxzrmo5@oksbi/BigBazaar
05/06/2024,,2369.35,CR,13990.37,UPI/6zs44567cb52@ybl
05/06/2024,,1407.1,DR,12583.27,UPI/u2rmhalod9a2@axl/P2M/r8lfgy0i@ptbyl/Amazon
05/06/2024,,627.68,DR,11955.59,UPI/0purrtsnwdq0@okaxis/P2M/h2vtau6k@paytm/AxisBank
05/06/2024,,205.35,DR,11750.24,UPI/uduc5u98yxwn@ybl/P2M/de9xk94w@paytm/Edara
05/06/2024,,2856.32,CR,14606.56,UPI/aaq56mzwwlvq@okaxis
05/06/2024,,332.73,DR,14273.83,UPI/owx1zax0case@okaxis/P2M/vllayc6q@ptbsi/VENNA
05/06/2024,582773,2891.26,CR,17165.09,UPI/kb41413w4kau@okaxis
05/06/2024,,1328.15,DR,15836.94,UPI/zt5rxnj22uw3@oksbi/P2M/ffsudrxy@ptbyl/Edara
05/06/2024,,719.57,DR,15117.37,UPI/dati2ztmsa6f@okaxis/P2M/l34es7qf@ptbyl/Amazon
05/06/2024,,890.91,DR,14226.46,UPI/uz11rqapy6bw@oksbi/P2M/kxyyx81f@paytm/AxisBank
04/06/2024,,878.29,DR,13348.17,UPI/kakdihfp0v6u@okhdfc/P2M/q0xsc207@paytm/Amazon
04/06/2024,502261,116.58,DR,13231.59,UPI/nd3att6fxtw6@axl/P2M/k9gq55m6@paytm/Chala
04/06/2024,,1370.42,DR,11861.17,UPI/m5e5dvqbyzwo@paytm/P2M/29wyev08@ptbsi/Amazon
04/06/2024,,948.79,DR,10912.38,UPI/f6aixiydergd@axl/P2M/r2co4ap9@oksbi/Chala
04/06/2024,,548.62,DR,10363.76,UPI/ze8077tabn79@ybl/P2M/mlbp4eim@oksbi/AxisBank
04/06/2024,498892,17.93,DR,10345.83,UPI/qr5n1j4am9wx@ybl/P2M/4wthmuo9@oksbi/VENNA
04/06/2024,,1454.93,DR,8890.9,UPI/ypfv1cbx9po9@okaxis/P2M/rhxfmhsd@oksbi/AxisBank
04/06/2024,528429,163.79,DR,8727.11,UPI/0wjcl3k6bkxy@ybl/P2M/ptyolc92@ptbyl/AxisBank
04/06/2024,,1336.83,CR,10063.94,UPI/opwgfb9y45pw@axl
04/06/2024,336425,3554.59,CR,13618.53,UPI/4vtpqsrfgozq@okhdfc
04/06/2024,,93.57,DR,13524.96,UPI/6hjlyggk8kmm@ybl/P2M/87dprg68@ptbyl/Chala
04/06/2024,,1082.46,DR,12442.5,UPI/3lp5jhb2kx5y@paytm/P2M/684bfb7t@ptbsi/Airtel
04/06/2024,,4228.88,CR,16671.38,UPI/j3gck2fabs43@okaxis
04/06/2024,538198,983.96,DR,15687.42,UPI/6hb5gg4rys5a@okhdfc/P2M/oj4v6k0k@oksbi/BigBazaar
04/06/2024,,429.86,DR,15257.56,UPI/icifsvdoosaa@oksbi/P2M/zb0871hz@ptbsi/Amazon
04/06/2024,817316,1304.1,DR,13953.46,UPI/0ptgguyaiu6n@okhdfc/P2M/8d16ohvz@paytm/Chala
03/06/2024,,564.3,DR,13389.16,UPI/ljhyvpzcxm6y@axl/P2M/rp3q8ybn@ptbyl/Airtel
03/06/2024,,2603.53,CR,15992.69,UPI/l2z51to8qziy@okaxis
03/06/2024,,280.24,DR,15712.45,UPI/zmojnila1n5f@oksbi/P2M/bsro8gpz@ptbyl/Flipkart
03/06/2024,,24.11,DR,15688.34,UPI/6jvtorpzfc2b@okhdfc/P2M/402elmgy@ptbyl/Paytm
03/06/2024,,1437.48,DR,14250.86,UPI/m9awnz5f9fcl@ybl/P2M/rm5x7hs3@paytm/Chala
03/06/2024,914512,269.13,DR,13981.73,UPI/l5bmubxwd2kq@paytm/P2M/4c2wey3u@ptbyl/BigBazaar
03/06/2024,,1137.28,DR,12844.45,UPI/2xw3njwycqx5@oksbi/P2M/483r6790@ptbsi/Chala
03/06/2024,,285.3,DR,12559.15,UPI/wd3dc1p3qflu@okaxis/P2M/4l54sbvr@ptbsi/Paytm
03/06/2024,812396,4427.45,CR,16986.6,UPI/p2jduwdb1j7p@axl
03/06/2024,,944.96,DR,16041.64,UPI/od9ioxbrn5v4@oksbi/P2M/n3xkt7lh@ptbsi/VENNA
03/06/2024,,746.5,DR,15295.14,UPI/6vemzny2japf@ybl/P2M/24l6gsgj@paytm/AxisBank
03/06/2024,,301.4,DR,14993.74,UPI/7ao7lupkaj3s@okhdfc/P2M/ubzgww3t@ptbyl/Paytm
03/06/2024,,120.74,DR,14873.0,UPI/huldtwgbvxiw@okaxis/P2M/f7nqn6i3@oksbi/Chala
03/06/2024,447251,1267.19,DR,13605.81,UPI/s7brag6mgr8l@okhdfc/P2M/w9p0nju4@ptbyl/Flipkart
03/06/2024,,903.21,DR,12702.6,UPI/q45snah1e8yx@okaxis/P2M/m7zunb95@paytm/AxisBank
03/06/2024,686622,361.6,DR,12341.0,UPI/1ar7r4rojgg9@okaxis/P2M/u28dnkta@ptbyl/Amazon
02/06/2024,,458.23,DR,11882.77,UPI/vh5uvmpfsc72@ybl/P2M/zoh4ta27@ptbsi/Flipkart
02/06/2024,,421.25,DR,11461.52,UPI/ulteczwrez5g@okhdfc/P2M/qibncjfo@oksbi/Chala
02/06/2024,567915,834.33,DR,10627.19,UPI/d508kt3dl0t5@oksbi/P2M/ebczlnxg@ptbsi/VENNA
02/06/2024,,4926.81,CR,15554.0,UPI/uvr7qykblnqq@oksbi
02/06/2024,,1518.31,CR,17072.31,UPI/wasj642s1mgk@ybl
02/06/2024,130326,1857.9,CR,18930.21,UPI/bp1tf3z2mjqz@oksbi
02/06/2024,,1049.4,DR,17880.81,UPI/pmkaedufwukl@oksbi/P2M/p2q8d267@paytm/Chala
02/06/2024,307122,1257.14,DR,16623.67,UPI/h6fm9nm1eef5@ybl/P2M/fjlk7xnt@oksbi/Amazon
02/06/2024,482950,4432.43,CR,21056.1,UPI/1ha1yzsj0e0b@oksbi
02/06/2024,971106,929.3,DR,20126.8,UPI/ple6ijh3zcc6@ybl/P2M/dupnvqaj@oksbi/BigBazaar
02/06/2024,,954.84,DR,19171.96,UPI/0235sce99ovz@ybl/P2M/x8cy4ah6@ptbsi/Flipkart
02/06/2024,222617,454.19,DR,18717.77,UPI/iajnaiiendlv@axl/P2M/us1ud2um@paytm/BigBazaar
02/06/2024,,3955.88,CR,22673.65,UPI/imvrq0agv8ub@oksbi
02/06/2024,,104.04,DR,22569.61,UPI/go5az1qhnbao@ybl/P2M/cerrmzyy@oksbi/Amazon
02/06/2024,,143.4,DR,22426.21,UPI/ujdbj1g7mq15@axl/P2M/7ydstebw@ptbyl/Chala
02/06/2024,,703.5,DR,21722.71,UPI/y4mcfsbybtt1@paytm/P2M/chbg046g@oksbi/Edara
01/06/2024,,1431.09,DR,20291.62,UPI/1kwaybl82w08@ybl/P2M/rrxzad16@oksbi/Airtel
01/06/2024,482786,104.87,CR,20396.49,UPI/1pa9wj3t3zad@paytm
01/06/2024,,3253.21,CR,23649.7,UPI/8tehcumb5ie3@ybl
01/06/2024,,1166.13,DR,22483.57,UPI/pdxwctbo54i6@paytm/P2M/sidsnq34@ptbsi/Chala
01/06/2024,192426,562.45,DR,21921.12,UPI/tceqnsx5arxy@okhdfc/P2M/ip9jw8jw@ptbsi/Edara
01/06/2024,,1156.87,DR,20764.25,UPI/zl9w6tp2t23m@paytm/P2M/2n5fhp80@ptbyl/Chala
01/06/2024,,367.68,DR,20396.57,UPI/vz43ionf77xn@oksbi/P2M/x0b6dql6@oksbi/Airtel
01/06/2024,,820.02,DR,19576.55,UPI/193f7mjyld0u@okaxis/P2M/s4hfvps2@ptbsi/Edara
01/06/2024,,568.65,DR,19007.9,UPI/w6c27oei81ov@axl/P2M/pyqz29m6@oksbi/Edara
01/06/2024,,1123.75,DR,17884.15,UPI/msgk4p87ypoz@okhdfc/P2M/w2vkl8on@ptbsi/Flipkart
01/06/2024,,485.2,DR,17398.95,UPI/18l7c6zn5f2a@axl/P2M/xzn1nghs@oksbi/Amazon
01/06/2024,,888.86,DR,16510.09,UPI/2civ6o6exurp@axl/P2M/34wqd6tq@ptbsi/Paytm
01/06/2024,246743,2116.94,CR,18627.03,UPI/i2oyk9xy9sfk@oksbi
01/06/2024,795935,702.1,CR,19329.13,UPI/abrm67tigi8e@okhdfc
01/06/2024,,906.46,DR,18422.67,UPI/94di23zqeu6x@axl/P2M/tpcx73mq@paytm/Edara
01/06/2024,418702,242.64,DR,18180.03,UPI/3079oq8vzb5c@oksbi/P2M/ibuejt3f@ptbyl/Amazon
31/05/2024,431907,1307.32,DR,16872.71,UPI/ain1lfcw54ck@okaxis/P2M/u34en1xs@oksbi/Chala
31/05/2024,336006,1297.87,DR,15574.84,UPI/ydrbw1c9l8ud@okaxis/P2M/7joou2pn@oksbi/Chala
31/05/2024,991593,71.3,DR,15503.54,UPI/6mj6mciyf0as@okhdfc/P2M/6gvxsmrd@paytm/Flipkart
31/05/2024,,621.82,CR,16125.36,UPI/4mebe59cja7x@oksbi
31/05/2024,408489,1366.72,DR,14758.64,UPI/36sh8a5cqtry@okaxis/P2M/sbcpwmxb@ptbsi/AxisBank
31/05/2024,,1359.98,DR,13398.66,UPI/pzcysab06w0k@paytm/P2M/al62r484@oksbi/BigBazaar
31/05/2024,969845,900.42,DR,12498.24,UPI/s8a63go4mjhk@ybl/P2M/v684p6n1@ptbsi/Paytm
31/05/2024,,596.31,DR,11901.93,UPI/fi8cvude9ngx@paytm/P2M/uont3o2x@ptbyl/Edara
31/05/2024,,1292.93,DR,10609.0,UPI/kwk4m0zqkhdm@okaxis/P2M/5bq7suik@ptbyl/Chala
31/05/2024,621484,165.35,DR,10443.65,UPI/nf7b72a4gnad@okhdfc/P2M/evt7k4bg@ptbyl/AxisBank
31/05/2024,,435.95,DR,10007.7,UPI/fperym5oll9x@axl/P2M/bzo73ho9@paytm/VENNA
31/05/2024,954097,982.63,DR,9025.07,UPI/fvvbaroj3pwz@paytm/P2M/5rc7tqv6@ptbsi/BigBazaar
31/05/2024,,313.98,DR,8711.09,UPI/wsnknrc4xbnv@oksbi/P2M/e0u1hzci@ptbyl/Paytm
31/05/2024,297422,957.45,DR,7753.64,UPI/8dik4u59nynb@okaxis/P2M/n051oxdl@paytm/Airtel
31/05/2024,,841.08,DR,6912.56,UPI/nli14l90er07@oksbi/P2M/brrhpnqr@ptbsi/Airtel
31/05/2024,,573.24,DR,6339.32,UPI/m1m7ua26gxnl@axl/P2M/poc2zaom@ptbsi/AxisBank
30/05/2024,,642.29,DR,5697.03,UPI/4d0efahpjap9@ybl/P2M/7wib1d5a@oksbi/VENNA
30/05/2024,,1459.41,DR,4237.62,UPI/4lxtxylwac6a@okhdfc/P2M/iopxrbs0@ptbyl/Chala
30/05/2024,522799,1431.32,DR,2806.3,UPI/w4wja86n5mh0@okhdfc/P2M/lvk7xk8u@ptbyl/Chala
30/05/2024,,337.79,CR,3144.09,UPI/lg1uqpb9mqsw@oksbi
30/05/2024,,291.34,DR,2852.75,UPI/qkhukeczngse@axl/P2M/rll2ivx8@paytm/Flipkart
30/05/2024,198079,105.61,DR,2747.14,UPI/k6ydy2srmdwx@paytm/P2M/iu887mbz@paytm/Edara
30/05/2024,,31.89,DR,2715.25,UPI/t1s2q84e9z8h@okhdfc/P2M/nkc22iid@ptbyl/Flipkart
30/05/2024,227144,1119.16,DR,1596.09,UPI/ma67n4umzxz4@ybl/P2M/tkvuqhlm@ptbsi/Paytm
30/05/2024,260933,1130.27,DR,465.82,UPI/d4xjszdsritx@okaxis/P2M/q5tfaska@oksbi/Chala
30/05/2024,,25.82,DR,440.0,UPI/k9gyol63dqs9@axl/P2M/x7unj5uh@ptbyl/Chala
30/05/2024,,275.78,DR,164.22,UPI/len3xtty4k5y@okhdfc/P2M/zt0urfno@paytm/Airtel
30/05/2024,,2708.8,CR,2873.02,UPI/gr78wwf795qr@paytm
30/05/2024,342970,1105.11,DR,1767.91,UPI/80dfrdl97b3p@okhdfc/P2M/9xmpfiet@ptbyl/Amazon
30/05/2024,,4278.72,CR,6046.63,UPI/avaa75b23kiy@paytm
30/05/2024,,495.33,DR,5551.3,UPI/1z12adraok8f@okaxis/P2M/w1fwudyu@oksbi/BigBazaar
30/05/2024,,803.25,DR,4748.05,UPI/dlwfuvqjquwq@axl/P2M/p6elgoba@paytm/AxisBank
29/05/2024,,3876.94,CR,8624.99,UPI/mog2flqmncis@paytm
29/05/2024,,594.34,DR,8030.65,UPI/pkhd9ziat2c4@paytm/P2M/c6ttab7x@ptbsi/VENNA
29/05/2024,,419.37,DR,7611.28,UPI/j5zl7dxigqnb@paytm/P2M/drq2co82@oksbi/AxisBank
29/05/2024,,76.08,DR,7535.2,UPI/x31kzf870l0p@okhdfc/P2M/6mlvpveh@ptbsi/AxisBank
29/05/2024,709027,666.17,DR,6869.03,UPI/llbro9ad17to@ybl/P2M/m7u15okt@oksbi/AxisBank
29/05/2024,,347.66,DR,6521.37,UPI/4al1o1jpjwyt@oksbi/P2M/3qtjz1ha@ptbsi/BigBazaar
29/05/2024,,667.18,DR,5854.19,UPI/8n7igxmoc5pm@oksbi/P2M/gowc5tm1@oksbi/Chala
29/05/2024,714856,1180.13,DR,4674.06,UPI/jwmbbdk0be93@axl/P2M/mk6hafei@ptbyl/VENNA
29/05/2024,,333.16,DR,4340.9,UPI/w27jk0jb7q6e@okhdfc/P2M/sagrdtjq@paytm/Chala
29/05/2024,,846.13,DR,3494.77,UPI/4feuni34ei8o@ybl/P2M/51igtb66@oksbi/Airtel
29/05/2024,939280,1443.33,DR,2051.44,UPI/7h3g1wfma6x7@paytm/P2M/hxiqt4ow@paytm/Paytm
29/05/2024,326660,1214.55,DR,836.89,UPI/iqztp2998um7@axl/P2M/9jq9fkzw@ptbsi/Paytm
29/05/2024,,269.39,DR,567.5,UPI/fnaiy8bhif3r@ybl/P2M/vshtooll@ptbyl/VENNA
29/05/2024,,257.44,DR,310.06,UPI/e66xf9bhulbp@axl/P2M/jaon1xbc@ptbyl/Chala
29/05/2024,691052,290.59,CR,600.65,UPI/wtmqmuw2fjy6@paytm
28/05/2024,,523.1,DR,77.55,UPI/df8wmv02dzwr@axl/P2M/2pdf99ph@ptbsi/AxisBank
28/05/2024,,371.34,CR,448.89,UPI/detq2f84v620@paytm
28/05/2024,,318.86,DR,130.03,UPI/cxx2mar85vhr@oksbi/P2M/8tumc881@paytm/Chala
28/05/2024,,3448.37,CR,3578.4,UPI/5ezb5itvvv3f@oksbi
27/05/2024,,417.18,DR,3161.22,UPI/bsctdmykol6q@oksbi/P2M/gg8tqx5i@ptbsi/BigBazaar
27/05/2024,,245.68,DR,2915.54,UPI/p4jvmrnz5x5i@oksbi/P2M/jxsmetoc@ptbsi/Amazon
27/05/2024,,770.48,DR,2145.06,UPI/7goeejirbl5f@paytm/P2M/bzg5lh8x@oksbi/Airtel
27/05/2024,378933,1044.88,DR,1100.18,UPI/vjdo50cuyva3@oksbi/P2M/8vg2ljxx@oksbi/BigBazaar
27/05/2024,,371.73,DR,728.45,UPI/unfsul66bc7r@paytm/P2M/looxfhrg@ptbsi/AxisBank
27/05/2024,,677.06,DR,51.39,UPI/pg7o5twpgnpr@okaxis/P2M/m1lb8nxs@paytm/Amazon
27/05/2024,948631,1625.55,CR,1676.94,UPI/xd6x5u8db3kg@okhdfc
27/05/2024,,21.67,DR,1655.27,UPI/brzzcx7tzcq5@paytm/P2M/uwv5elk5@oksbi/AxisBank
27/05/2024,856314,131.43,DR,1523.84,UPI/bo87x45uq7ze@paytm/P2M/07h2l5tb@paytm/AxisBank
27/05/2024,661208,647.28,DR,876.56,UPI/8chdiun6dnke@ybl/P2M/4jegmry1@ptbsi/Chala
27/05/2024,,1557.78,CR,2434.34,UPI/fsg541lxc2zf@oksbi
27/05/2024,,739.36,DR,1694.98,UPI/uknarzo81x92@oksbi/P2M/z2tbhmpd@ptbsi/Paytm
27/05/2024,735023,1046.1,DR,648.88,UPI/bk9svzf1k6hc@okhdfc/P2M/a6krvflo@ptbyl/Paytm
26/05/2024,,388.3,DR,260.58,UPI/b7jdwvhpowal@okaxis/P2M/j774zs4b@ptbsi/BigBazaar
26/05/2024,,3053.16,CR,3313.74,UPI/prjin5qywtjo@paytm
26/05/2024,829491,501.98,DR,2811.76,UPI/gqu2o1sncf4v@paytm/P2M/m7aukpyj@paytm/BigBazaar
26/05/2024,166982,1018.82,DR,1792.94,UPI/mppjgfp9nj7w@paytm/P2M/y3e19ufc@ptbyl/Flipkart
26/05/2024,481156,729.21,DR,1063.73,UPI/24nd0inb0yay@axl/P2M/2s6oug38@paytm/Paytm
26/05/2024,,856.23,DR,207.5,UPI/5gb1umv150iv@ybl/P2M/akzjmy0c@ptbyl/Amazon
26/05/2024,303971,88.58,DR,118.92,UPI/2dgpysucxv7y@okaxis/P2M/0wiunugz@paytm/Flipkart
26/05/2024,839498,61.33,DR,57.59,UPI/57ov894xky12@paytm/P2M/r421tp6j@paytm/Amazon
25/05/2024,,1435.26,CR,1492.85,UPI/7zorbydauev4@paytm
25/05/2024,120267,762.92,DR,729.93,UPI/dhs5caafs2f3@axl/P2M/2h26h6tb@oksbi/BigBazaar
25/05/2024,640484,403.41,DR,326.52,UPI/maihgxl85n5c@okhdfc/P2M/b49zv1yo@ptbsi/Airtel
25/05/2024,,65.3,DR,261.22,UPI/12u6il1aavvh@paytm/P2M/z9go02dc@paytm/Edara
25/05/2024,946513,4087.92,CR,4349.14,UPI/w63rh3el5kdt@ybl
25/05/2024,,969.68,DR,3379.46,UPI/qfqmji1jthqo@paytm/P2M/u6krswa4@ptbyl/Flipkart
25/05/2024,,813.88,DR,2565.58,UPI/y38fhqg0yw6w@ybl/P2M/87948l8h@ptbyl/Amazon
25/05/2024,894745,224.58,DR,2341.0,UPI/v933uupkr96x@okhdfc/P2M/sndvb6cg@paytm/Flipkart
25/05/2024,,1613.04,CR,3954.04,UPI/indawt7fdjuu@ybl
24/05/2024,,843.17,CR,4797.21,UPI/njuht0nuu04e@ybl
24/05/2024,,174.3,DR,4622.91,UPI/4v60ctm892xk@paytm/P2M/ibrdz6tt@ptbsi/Flipkart
24/05/2024,813611,3209.76,CR,7832.67,UPI/35uvq9mny7o7@ybl
24/05/2024,,263.12,DR,7569.55,UPI/feod69juk278@oksbi/P2M/r2e54otc@paytm/BigBazaar
24/05/2024,942429,1880.37,CR,9449.92,UPI/0fbpjnfpeb57@paytm
24/05/2024,146508,3282.5,CR,12732.42,UPI/rpj1xanzu7at@okhdfc
24/05/2024,468589,308.13,DR,12424.29,UPI/8b1ymsd0mzfg@oksbi/P2M/o3g8lbli@ptbsi/Paytm
24/05/2024,112607,42.77,DR,12381.52,UPI/ejz372ym93q8@ybl/P2M/1njkfprv@paytm/Airtel
24/05/2024,886856,152.76,DR,12228.76,UPI/jd9auiueehdd@axl/P2M/2o3p5udv@ptbsi/Amazon
24/05/2024,,1267.12,DR,10961.64,UPI/bzlttz0k2zds@paytm/P2M/ccffpe6g@paytm/Edara
24/05/2024,594378,1243.12,DR,9718.52,UPI/o3c12qgpobs3@axl/P2M/tuaswdav@ptbyl/BigBazaar
24/05/2024,275109,564.87,DR,9153.65,UPI/jeh30he4ir9t@oksbi/P2M/o97c535h@ptbyl/VENNA
24/05/2024,,1485.91,DR,7667.74,UPI/wgxy1fevi6le@axl/P2M/fjojr3qr@ptbyl/VENNA
24/05/2024,,1067.29,DR,6600.45,UPI/ijtfagy9azp4@okaxis/P2M/6hyiz5te@oksbi/VENNA
24/05/2024,130099,267.4,DR,6333.05,UPI/lmjb4akf76rc@oksbi/P2M/bhmxmpw7@ptbyl/Edara
24/05/2024,,301.63,DR,6031.42,UPI/spp5p82g71bf@okaxis/P2M/z1rzj228@oksbi/Amazon
23/05/2024,,3805.5,CR,9836.92,UPI/9lecu5jgscxv@okaxis
23/05/2024,,739.62,DR,9097.3,UPI/2qctprhf11rm@paytm/P2M/axob1mlm@ptbsi/Chala
23/05/2024,,1471.98,DR,7625.32,UPI/0l8ntzn0zjdk@okhdfc/P2M/thak734j@oksbi/Edara
23/05/2024,854035,279.31,DR,7346.01,UPI/byjnoza2dxlk@ybl/P2M/buiq5pm3@ptbsi/Paytm
23/05/2024,,422.42,DR,6923.59,UPI/833r0rmp47x4@okhdfc/P2M/hlgdtlhf@ptbsi/Airtel
23/05/2024,,111.19,DR,6812.4,UPI/cwqnv9korunl@oksbi/P2M/h1eiq6qm@ptbyl/VENNA
23/05/2024,559008,1102.7,DR,5709.7,UPI/67ybs8pq8812@okhdfc/P2M/gjtat16u@ptbyl/Paytm
23/05/2024,,52.86,DR,5656.84,UPI/tlidp4108v49@okhdfc/P2M/ft0h4yom@ptbsi/AxisBank
23/05/2024,,320.14,DR,5336.7,UPI/u9twsr8b2mnd@axl/P2M/a1xv83yj@ptbyl/VENNA
23/05/2024,,353.2,DR,4983.5,UPI/40ns0024yokh@okaxis/P2M/bq4gp12r@ptbsi/AxisBank
23/05/2024,,1058.34,DR,3925.16,UPI/wf1jn1eb3d04@ybl/P2M/4406y1wb@ptbyl/Paytm
23/05/2024,,1194.65,CR,5119.81,UPI/okhviykj3e96@okaxis
23/05/2024,,746.52,DR,4373.29,UPI/izpux36c9ha1@okaxis/P2M/iu9ah2tw@ptbyl/AxisBank
23/05/2024,643338,1182.72,DR,3190.57,UPI/ue86m59vbpzp@paytm/P2M/cucwehaf@oksbi/BigBazaar
23/05/2024,,1279.38,DR,1911.19,UPI/ync3qy9mg0wi@ybl/P2M/7t674dkc@ptbsi/Chala
23/05/2024,,529.87,DR,1381.32,UPI/4bdq7wf0litd@okhdfc/P2M/gcqdlgob@paytm/Paytm
22/05/2024,,353.1,DR,1028.22,UPI/801uv54mkj6c@axl/P2M/pjctc4hz@paytm/AxisBank
22/05/2024,279619,844.03,DR,184.19,UPI/n7y0gwo88kw0@okaxis/P2M/ckeywyb0@ptbyl/BigBazaar
22/05/2024,,36.24,DR,147.95,UPI/x3nu6na7s5e5@okaxis/P2M/0xo5sfn2@ptbyl/Paytm
22/05/2024,901699,2020.55,CR,2168.5,UPI/3damwmrf6q6l@axl
22/05/2024,,1276.32,DR,892.18,UPI/2lqe01rv9p1q@axl/P2M/ghgzhrll@ptbsi/Edara
22/05/2024,552649,104.82,DR,787.36,UPI/rd5b1itdaco0@ybl/P2M/621fx5b7@oksbi/AxisBank
22/05/2024,,620.95,DR,166.41,UPI/y3rcyyyiepg8@okhdfc/P2M/1nv9sik3@oksbi/Chala
22/05/2024,,2535.19,CR,2701.6,UPI/oe0qva82u0cq@okhdfc
22/05/2024,540680,1230.56,DR,1471.04,UPI/luesczbsbg58@okaxis/P2M/ivywibjw@ptbyl/Amazon
22/05/2024,,692.69,DR,778.35,UPI/26a6vxsna2nw@okhdfc/P2M/tjkqv02p@ptbyl/Amazon
21/05/2024,807547,278.72,DR,499.63,UPI/dog0gxr6rw8x@oksbi/P2M/01l63dgs@oksbi/Chala
21/05/2024,,4287.34,CR,4786.97,UPI/6f8q5fof932e@okhdfc
21/05/2024,,403.93,DR,4383.04,UPI/g3nwvpnchaex@paytm/P2M/nzk9wl09@oksbi/VENNA
21/05/2024,,877.35,DR,3505.69,UPI/jxu3zaw06x7t@okhdfc/P2M/xjfoqg6z@paytm/Flipkart
21/05/2024,844990,1535.35,CR,5041.04,UPI/mdev810qdpu5@oksbi
21/05/2024,,1042.88,CR,6083.92,UPI/aqffm6gsrrtt@paytm
21/05/2024,,703.79,DR,5380.13,UPI/fqwebpu6qa56@paytm/P2M/cl7nwfs2@oksbi/AxisBank
21/05/2024,,134.07,DR,5246.06,UPI/h8zqj9vgtay0@ybl/P2M/7zh6a2q1@oksbi/AxisBank
21/05/2024,,1232.67,DR,4013.39,UPI/old9x792pcdh@oksbi/P2M/szw0zthd@ptbsi/Flipkart
21/05/2024,,338.8,DR,3674.59,UPI/5e987k4joyob@okaxis/P2M/ok1vy8uo@paytm/Edara
21/05/2024,,1266.05,DR,2408.54,UPI/qfpg237tz6h7@ybl/P2M/3x93jb3r@paytm/Amazon
21/05/2024,525470,1397.75,DR,1010.79,UPI/iafjjr4he3ja@oksbi/P2M/vw5b321w@ptbsi/Chala
21/05/2024,818986,954.14,DR,56.65,UPI/lllp01je75i8@axl/P2M/jhmmkpxf@oksbi/Edara
20/05/2024,458545,2246.59,CR,2303.24,UPI/tqlqprtlpm2o@paytm
20/05/2024,853922,1467.08,DR,836.16,UPI/j3wl0z5obs7z@ybl/P2M/3buyx5x4@ptbyl/Flipkart
20/05/2024,,208.76,DR,627.4,UPI/nc6ttjdiv05y@axl/P2M/ayfvbzn4@ptbsi/Amazon
20/05/2024,182934,626.17,DR,1.23,UPI/6w9vqss8oxft@oksbi/P2M/8bvh6ks1@ptbsi/Amazon
20/05/2024,,3655.98,CR,3657.21,UPI/wkv14v5enbgh@axl
20/05/2024,,3567.21,CR,7224.42,UPI/ovrkrj6aoa7a@paytm
20/05/2024,,1642.64,CR,8867.06,UPI/028e1qyxv1wv@okhdfc
19/05/2024,,2111.31,CR,10978.37,UPI/laig8hgi27bh@okhdfc
19/05/2024,,497.25,DR,10481.12,UPI/lr6n5z4mtdvf@ybl/P2M/2lubijrr@ptbyl/Amazon
19/05/2024,954650,170.86,DR,10310.26,UPI/7icymocakxkk@axl/P2M/3dsma6xy@oksbi/Flipkart
19/05/2024,,212.02,DR,10098.24,UPI/xvtf8yrrg9p4@paytm/P2M/4xygna9i@ptbsi/BigBazaar
19/05/2024,,771.37,DR,9326.87,UPI/timxrlxqbgfk@axl/P2M/v43tyvwz@oksbi/Airtel
19/05/2024,743441,204.0,DR,9122.87,UPI/vbtkdkvm98fy@paytm/P2M/zc063kl3@oksbi/AxisBank
19/05/2024,458056,139.66,CR,9262.53,UPI/u72x7u4qrj8k@okaxis
19/05/2024,,1223.38,DR,8039.15,UPI/spbkekj6jzow@okhdfc/P2M/w8tl65av@ptbsi/Flipkart
19/05/2024,,396.25,DR,7642.9,UPI/qwwg3gl85qq5@axl/P2M/6i3ki8id@oksbi/Amazon
19/05/2024,740227,858.32,DR,6784.58,UPI/myv0ru2cdikr@ybl/P2M/elxfri7m@oksbi/Chala
19/05/2024,,414.89,DR,6369.69,UPI/yluy65cqhhaf@axl/P2M/t9v2nmr7@oksbi/Paytm
19/05/2024,,826.25,DR,5543.44,UPI/6lghetwjabyx@paytm/P2M/7p9ejlp3@oksbi/Flipkart
19/05/2024,,114.07,DR,5429.37,UPI/k8657t37akk5@axl/P2M/n52mghoa@paytm/Paytm
19/05/2024,,628.08,CR,6057.45,UPI/mijl1zitf9nv@ybl
19/05/2024,804494,645.72,DR,5411.73,UPI/1a0ir9lso5lk@okaxis/P2M/70g4g4rw@ptbsi/BigBazaar
19/05/2024,,1062.64,DR,4349.09,UPI/wo8nqm1g7glz@okhdfc/P2M/hrhwt18e@ptbyl/VENNA
18/05/2024,570864,859.92,DR,3489.17,UPI/g51vzv0e072p@okhdfc/P2M/2rw8vaom@paytm/Edara
18/05/2024,665738,290.62,DR,3198.55,UPI/akv5jsx72bvg@ybl/P2M/0trjvypj@paytm/Paytm
18/05/2024,439928,806.97,DR,2391.58,UPI/9wozkdznaijd@oksbi/P2M/faugwdor@ptbsi/Airtel
18/05/2024,899070,194.55,DR,2197.03,UPI/wnlajnwzawvm@ybl/P2M/k28c18kp@ptbyl/Chala
18/05/2024,,3056.35,CR,5253.38,UPI/sors3mjktv5e@ybl
18/05/2024,,1487.15,DR,3766.23,UPI/0j9xq06lfmvo@oksbi/P2M/8d591ypi@oksbi/VENNA
18/05/2024,322066,550.82,DR,3215.41,UPI/ms8qwjqitrrj@paytm/P2M/ye8qgeyy@paytm/Chala
18/05/2024,,833.45,DR,2381.96,UPI/14rlhdscm1yi@ybl/P2M/62q2k2gl@oksbi/VENNA
18/05/2024,353790,242.91,DR,2139.05,UPI/etogbtxdjwbx@paytm/P2M/8byookrp@ptbyl/Chala
18/05/2024,,102.45,DR,2036.6,UPI/un99drkgq3il@axl/P2M/vhcxtuf8@ptbyl/Amazon
18/05/2024,,880.37,DR,1156.23,UPI/fyhumieo3ne0@paytm/P2M/dviivn5u@ptbyl/AxisBank
18/05/2024,729640,1001.06,DR,155.17,UPI/srq08ez8q80i@ybl/P2M/8amunc7w@paytm/Chala
17/05/2024,140169,1602.5,CR,1757.67,UPI/jmd78j9z6cn4@oksbi
17/05/2024,883805,1024.35,DR,733.32,UPI/uxikxntoxwqa@oksbi/P2M/v3octpyq@paytm/Edara
17/05/2024,,559.96,DR,173.36,UPI/e76ez8rchc50@paytm/P2M/3w7rs9yw@ptbyl/VENNA
17/05/2024,,122.73,DR,50.63,UPI/fsmdpxrd5r3e@okhdfc/P2M/7clzz2gz@paytm/Paytm
16/05/2024,,1186.08,CR,1236.71,UPI/nk4vd8882r70@axl
16/05/2024,215798,81.75,DR,1154.96,UPI/akcvjthiy5ef@oksbi/P2M/wpqkw74t@paytm/Edara
16/05/2024,782810,255.91,DR,899.05,UPI/n1dnbsy9e8fg@oksbi/P2M/3ak8eab1@paytm/Chala
16/05/2024,,1079.04,CR,1978.09,UPI/7ushao9kykpp@oksbi
16/05/2024,834610,303.49,DR,1674.6,UPI/f7itlimy5en8@oksbi/P2M/brwsrp9j@paytm/Paytm
16/05/2024,196611,766.53,DR,908.07,UPI/k5sf51btf9g1@okhdfc/P2M/1eeotyoy@paytm/Airtel
16/05/2024,,249.39,DR,658.68,UPI/hzxmsrkbybhp@axl/P2M/xmegijot@ptbsi/Amazon
16/05/2024,,455.77,DR,202.91,UPI/qil5xf9v00gk@okaxis/P2M/g0r3fzd4@paytm/AxisBank
15/05/2024,175801,1897.25,CR,2100.16,UPI/tcoaglieuu7x@okaxis
15/05/2024,432883,1292.92,DR,807.24,UPI/q0acg4w687vs@oksbi/P2M/az6m4lg1@ptbyl/VENNA
15/05/2024,,3940.53,CR,4747.77,UPI/3ytwwgr3y2x0@oksbi
15/05/2024,,2971.36,CR,7719.13,UPI/ztddfssxmwmy@axl
15/05/2024,766096,1458.46,DR,6260.67,UPI/ax0uu9gfwt1t@axl/P2M/3yof7rgr@ptbyl/Amazon
15/05/2024,,1690.96,CR,7951.63,UPI/bv9uzjybx0ra@paytm
15/05/2024,,1202.43,DR,6749.2,UPI/yyk06sp9igdm@paytm/P2M/p4s0bili@ptbsi/Edara
15/05/2024,833351,973.92,DR,5775.28,UPI/46zkvpfnfkbt@okaxis/P2M/iuln2cwh@oksbi/AxisBank
15/05/2024,400578,227.81,DR,5547.47,UPI/kebzu0lyrguc@oksbi/P2M/xiklm1f7@paytm/VENNA
15/05/2024,,1315.12,DR,4232.35,UPI/ukx60il7mm9w@okhdfc/P2M/sj9dfte5@ptbyl/Chala
15/05/2024,178796,407.19,DR,3825.16,UPI/m91ltemu0691@paytm/P2M/lalf1rzz@ptbsi/Airtel
15/05/2024,141844,1396.26,DR,2428.9,UPI/c6ivdp2nn81t@oksbi/P2M/3x7bm9l5@paytm/Chala
15/05/2024,,749.57,DR,1679.33,UPI/wan6ln50u9ld@ybl/P2M/r5ljb988@ptbsi/Paytm
14/05/2024,,359.82,DR,1319.51,UPI/spa4peik1r8q@paytm/P2M/fuwlqofv@ptbsi/BigBazaar
14/05/2024,209239,923.42,DR,396.09,UPI/tjvetaxa0ayl@ybl/P2M/zxqhl5g8@ptbyl/Airtel
14/05/2024,897524,64.56,DR,331.53,UPI/600e5wsm52ji@axl/P2M/espsglg4@ptbsi/Airtel
14/05/2024,776834,118.99,DR,212.54,UPI/pi7ewmh0cx6e@oksbi/P2M/zu3xx1ou@ptbyl/BigBazaar
14/05/2024,118865,119.65,CR,332.19,UPI/2nv8q5ed6n4h@paytm
14/05/2024,703004,4796.52,CR,5128.71,UPI/bs04v8tr9037@ybl
13/05/2024,738360,563.11,DR,4565.6,UPI/go669u7bhttu@okaxis/P2M/9k9zalgy@oksbi/AxisBank
13/05/2024,701788,126.66,DR,4438.94,UPI/mge0txynfcsa@paytm/P2M/fhfn1sty@ptbyl/Paytm
13/05/2024,936522,1262.32,DR,3176.62,UPI/6jt1hxwd8ekg@paytm/P2M/a0gibxwp@ptbsi/BigBazaar
13/05/2024,,352.13,DR,2824.49,UPI/qtl0plrlfrbx@ybl/P2M/27sccawo@ptbyl/VENNA
13/05/2024,,850.4,DR,1974.09,UPI/zi45axy3hprf@ybl/P2M/tcimm8eq@oksbi/BigBazaar
13/05/2024,,656.77,DR,1317.32,UPI/clxo8epanqn8@okaxis/P2M/hmab3sji@paytm/BigBazaar
13/05/2024,866766,1193.87,DR,123.45,UPI/z8h3rviev3cs@ybl/P2M/4ergpsis@ptbsi/Airtel
13/05/2024,,1392.97,CR,1516.42,UPI/u6ck8mivsfh2@ybl
13/05/2024,804270,1401.75,DR,114.67,UPI/szsbfj6uwc0f@okhdfc/P2M/m0cmf44h@oksbi/Paytm
12/05/2024,452438,2778.3,CR,2892.97,UPI/0arqka1pxeiq@okhdfc
12/05/2024,,1242.3,DR,1650.67,UPI/4oaf9np4hklc@oksbi/P2M/67cskhtm@paytm/AxisBank
12/05/2024,,2106.7,CR,3757.37,UPI/ayy83tuj5jgx@ybl
12/05/2024,,349.68,DR,3407.69,UPI/gj4dn2yy16hv@oksbi/P2M/n5sqbyk1@ptbyl/Chala
12/05/2024,967580,176.08,CR,3583.77,UPI/l0a652wlyd43@okhdfc
12/05/2024,748321,964.91,DR,2618.86,UPI/c4lndme30kzb@paytm/P2M/95f09tc2@paytm/Paytm
12/05/2024,474863,4335.04,CR,6953.9,UPI/2wjvbaora4lx@okaxis
12/05/2024,651024,1362.5,CR,8316.4,UPI/vcxh9p0qvw56@axl
12/05/2024,,728.26,DR,7588.14,UPI/jxtwlawz9903@axl/P2M/nm8ujeby@paytm/BigBazaar
12/05/2024,,2454.21,CR,10042.35,UPI/sjx9f9m9sls1@ybl
12/05/2024,930618,564.28,DR,9478.07,UPI/sqobtqqtv50c@oksbi/P2M/sf0uwrv5@oksbi/Paytm
12/05/2024,,1037.91,DR,8440.16,UPI/kebeafdw7wzg@paytm/P2M/zfzqm6dh@ptbyl/Chala
12/05/2024,,3166.29,CR,11606.45,UPI/b7hy177xwfjz@okhdfc
12/05/2024,,1124.1,DR,10482.35,UPI/z46exh6plunu@okhdfc/P2M/zd5nwddx@ptbsi/VENNA
11/05/2024,,510.44,CR,10992.79,UPI/qu0igjbd653s@paytm
11/05/2024,,207.89,DR,10784.9,UPI/zjfkh81oex31@paytm/P2M/n1vgpmbf@oksbi/Paytm
11/05/2024,243176,1417.41,DR,9367.49,UPI/ja42rnoc6svb@paytm/P2M/wzknsrq8@oksbi/Flipkart
11/05/2024,,260.78,DR,9106.71,UPI/sdp2bqis8sn4@okhdfc/P2M/zso6nee7@ptbyl/Airtel
11/05/2024,,317.8,DR,8788.91,UPI/z7nsnb3kpuf1@okhdfc/P2M/guvwkede@ptbsi/Chala
11/05/2024,118342,2103.5,CR,10892.41,UPI/887kyoc97rli@okaxis
11/05/2024,909616,1157.92,DR,9734.49,UPI/0h77m9b23d20@paytm/P2M/xilkmb7q@ptbyl/BigBazaar
11/05/2024,634466,176.22,DR,9558.27,UPI/aob817u578mi@ybl/P2M/jlrcqr0f@ptbsi/Edara
11/05/2024,882849,406.28,DR,9151.99,UPI/5abl6v5tdmu9@paytm/P2M/ds21jg6z@paytm/Amazon
11/05/2024,,1116.57,DR,8035.42,UPI/a3tz6rg3pnqr@ybl/P2M/pgpe92ya@oksbi/BigBazaar
11/05/2024,,1285.43,DR,6749.99,UPI/2kx7e4d6darz@oksbi/P2M/xpovo0sv@oksbi/Edara
11/05/2024,992232,1498.43,DR,5251.56,UPI/gaqabclbqh76@oksbi/P2M/2n923bpq@ptbyl/Flipkart
11/05/2024,,1339.32,DR,3912.24,UPI/i61jo8nyapsd@oksbi/P2M/1amy6k73@oksbi/AxisBank
11/05/2024,,846.1,DR,3066.14,UPI/viz1voo36a8q@okhdfc/P2M/18a47cs1@ptbsi/Amazon
11/05/2024,,611.02,DR,2455.12,UPI/d6lknzfv4spi@ybl/P2M/jbdxr0dl@oksbi/Amazon
10/05/2024,945698,1100.09,DR,1355.03,UPI/cfm8vmgkea5z@okaxis/P2M/5n5okw7f@ptbyl/Amazon
10/05/2024,,445.24,DR,909.79,UPI/vhggk3y5ta7e@okhdfc/P2M/tfn7zj65@ptbsi/Airtel
10/05/2024,801208,425.62,DR,484.17,UPI/3aet3dbb2xrk@oksbi/P2M/7jgcbn36@oksbi/Amazon
10/05/2024,486262,15.88,DR,468.29,UPI/74xrq4nyf931@oksbi/P2M/2tej7tst@oksbi/VENNA
10/05/2024,,316.31,DR,151.98,UPI/kund3m36esdn@paytm/P2M/tx6ezx7w@ptbsi/BigBazaar
10/05/2024,,3092.53,CR,3244.51,UPI/l9ro422xjgl3@okhdfc
10/05/2024,,1340.48,DR,1904.03,UPI/nmysami4hddo@okhdfc/P2M/btuxfaoo@ptbyl/Edara
10/05/2024,,625.6,DR,1278.43,UPI/w143nbr09150@okhdfc/P2M/02xyx5fu@oksbi/Amazon
10/05/2024,,901.62,DR,376.81,UPI/00we5rcozjkj@ybl/P2M/wc85e4hw@paytm/VENNA
09/05/2024,,225.43,DR,151.38,UPI/g6vnxd758e3m@axl/P2M/yjhk4c8u@ptbyl/Amazon
09/05/2024,,4224.89,CR,4376.27,UPI/ilphnki5t7u3@okhdfc
09/05/2024,503573,4061.84,CR,8438.11,UPI/mrhnoynnb98m@okhdfc
09/05/2024,,985.18,DR,7452.93,UPI/xi4491orkzo0@okhdfc/P2M/uuouvng8@ptbsi/BigBazaar
09/05/2024,540098,40.86,DR,7412.07,UPI/k2x2gtyhcx6u@okaxis/P2M/dd0h2t7g@ptbyl/Flipkart
09/05/2024,780944,1084.56,DR,6327.51,UPI/sorwos0i7zy0@okhdfc/P2M/cqm5jnss@oksbi/BigBazaar
09/05/2024,413253,396.31,DR,5931.2,UPI/1cnod7q2bjpf@oksbi/P2M/bz4z8gmr@ptbsi/Edara
08/05/2024,412657,1457.79,DR,4473.41,UPI/76kl2kb0oo3x@paytm/P2M/fqikd62j@ptbyl/BigBazaar
08/05/2024,,619.77,DR,3853.64,UPI/vnobwl1e5ufr@okhdfc/P2M/pw8ljlp5@ptbyl/Amazon
08/05/2024,,1012.38,DR,2841.26,UPI/hkl0ay1zkxv9@axl/P2M/sih337jj@oksbi/Chala
08/05/2024,762745,1039.36,DR,1801.9,UPI/gufio29m2ket@axl/P2M/irwy8bb7@paytm/Amazon
08/05/2024,,1486.96,DR,314.94,UPI/4t6ke3vn5p17@ybl/P2M/t0nvamdk@oksbi/BigBazaar
08/05/2024,669393,1170.87,CR,1485.81,UPI/6tvly3330c2c@okhdfc
08/05/2024,,3360.18,CR,4845.99,UPI/bxhq8r47f1vg@okaxis
08/05/2024,,101.77,DR,4744.22,UPI/z0t7kc2ph8vy@oksbi/P2M/hfsy09f0@oksbi/BigBazaar
08/05/2024,,1261.59,DR,3482.63,UPI/ug23x557avge@oksbi/P2M/9qwidja8@ptbyl/Chala
08/05/2024,169729,262.84,DR,3219.79,UPI/k9owdlm0xkpb@paytm/P2M/ywx2fr6y@paytm/BigBazaar
08/05/2024,,167.66,DR,3052.13,UPI/8ykxgm9ij7lp@oksbi/P2M/8dva7pr8@ptbyl/Chala
08/05/2024,,650.75,DR,2401.38,UPI/94mydt8llge2@oksbi/P2M/zy01v203@ptbyl/VENNA
08/05/2024,,310.28,DR,2091.1,UPI/nznruyguikrl@ybl/P2M/ojsgzd3d@ptbsi/Amazon
07/05/2024,,1043.87,DR,1047.23,UPI/5ls9lb7il9mk@paytm/P2M/sfg53q48@ptbyl/Paytm
07/05/2024,,918.89,DR,128.34,UPI/70mbc62rm737@paytm/P2M/kyh63jwm@paytm/Paytm
07/05/2024,,3285.12,CR,3413.46,UPI/hkrm36b0hc7t@okaxis
07/05/2024,134911,667.37,DR,2746.09,UPI/e02492b28ltr@paytm/P2M/5hi3y3yn@ptbyl/VENNA
07/05/2024,,123.64,DR,2622.45,UPI/hsaf2c8xqryd@ybl/P2M/wzambo0z@ptbyl/Amazon
07/05/2024,,316.34,DR,2306.11,UPI/vmat7eur0v55@oksbi/P2M/tek6xe6v@paytm/Paytm
07/05/2024,,771.91,DR,1534.2,UPI/fki9tqwd91sd@okaxis/P2M/qczizua3@ptbsi/BigBazaar
07/05/2024,680952,1121.47,DR,412.73,UPI/8o8j47g7imx3@okhdfc/P2M/e93h1wyo@oksbi/Edara
07/05/2024,498481,362.99,DR,49.74,UPI/t74ttd6g9b2s@paytm/P2M/hojujfam@ptbyl/Airtel
06/05/2024,128772,2627.9,CR,2677.64,UPI/09gy0bgzlm94@ybl
06/05/2024,,3986.66,CR,6664.3,UPI/thfawira8hy1@okaxis
06/05/2024,,290.69,DR,6373.61,UPI/sey6zempednw@okaxis/P2M/ozqumh5d@oksbi/Airtel
06/05/2024,192524,1474.88,DR,4898.73,UPI/r9ebtsyajkev@ybl/P2M/v2qhgn1y@ptbsi/Edara
06/05/2024,244226,572.39,DR,4326.34,UPI/yi1nmgask8ip@ybl/P2M/q7klai07@paytm/VENNA
06/05/2024,,829.4,DR,3496.94,UPI/3s5ygllt9n70@okaxis/P2M/2035skvh@ptbsi/Edara
06/05/2024,,1458.02,DR,2038.92,UPI/aegv3vp29r8m@oksbi/P2M/twwnuqf5@ptbsi/Paytm
06/05/2024,,475.98,DR,1562.94,UPI/067gqeo2bd04@okhdfc/P2M/6r6p1kzq@paytm/Amazon
06/05/2024,,1335.36,DR,227.58,UPI/wfccr0jw7tav@paytm/P2M/0ldn6qbm@oksbi/Flipkart
04/05/2024,738472,2349.12,CR,2576.7,UPI/mngo54e0xd5y@okaxis
04/05/2024,,545.56,DR,2031.14,UPI/0ho3x6ksf5eg@okhdfc/P2M/738chzjc@ptbyl/VENNA
04/05/2024,,1112.12,DR,919.02,UPI/vark0nyqlq57@axl/P2M/iky64gvd@paytm/AxisBank
04/05/2024,535662,659.6,DR,259.42,UPI/5xpsrnn1jv1l@paytm/P2M/wsjabx9k@paytm/VENNA
04/05/2024,713104,174.41,DR,85.01,UPI/hiqaap1yy1f3@okaxis/P2M/prgwmj50@paytm/AxisBank
04/05/2024,,46.91,DR,38.1,UPI/evuhrz23dgh8@paytm/P2M/47j53k8a@oksbi/BigBazaar
04/05/2024,935665,3420.66,CR,3458.76,UPI/0mbwi4thwk1c@okaxis
04/05/2024,,668.34,DR,2790.42,UPI/afe78muei0bq@ybl/P2M/bfu1apla@paytm/BigBazaar
03/05/2024,619502,3628.43,CR,6418.85,UPI/8kk4w26kgl4c@axl
03/05/2024,,1217.27,DR,5201.58,UPI/722vkffugjc3@okaxis/P2M/7rvn4mhz@ptbyl/AxisBank
03/05/2024,509206,505.85,DR,4695.73,UPI/1pyld3nacjrd@paytm/P2M/09i0ahud@oksbi/Edara
03/05/2024,,1154.24,DR,3541.49,UPI/xx7zmkakhxls@axl/P2M/9ey5mhf0@ptbyl/Paytm
03/05/2024,,1368.84,DR,2172.65,UPI/u1xjjlokukpa@axl/P2M/rhltlrsn@ptbsi/AxisBank
03/05/2024,676428,1218.74,DR,953.91,UPI/utapy0q8u394@oksbi/P2M/wnqfy2gp@paytm/Flipkart
03/05/2024,,470.94,DR,482.97,UPI/sfj3b4i0lghd@axl/P2M/9ulnprsw@paytm/BigBazaar
03/05/2024,,200.05,DR,282.92,UPI/iyw4pl5eycoh@axl/P2M/0qe68ina@oksbi/VENNA
03/05/2024,216117,143.63,DR,139.29,UPI/m20ugtz2j4vw@paytm/P2M/ulopixv7@ptbyl/Chala
02/05/2024,750408,1741.52,CR,1880.81,UPI/10uv4qthq9n6@ybl
02/05/2024,,1299.45,DR,581.36,UPI/stw27s9tnr4k@oksbi/P2M/vi49cqbs@oksbi/Edara
02/05/2024,572067,2728.45,CR,3309.81,UPI/so7us3rniwn3@ybl
01/05/2024,397657,17.05,DR,3292.76,UPI/iw9fyvi9zijh@axl/P2M/f1f7ox0w@ptbyl/Airtel
01/05/2024,,160.87,DR,3131.89,UPI/x1766az3r8ay@oksbi/P2M/8l25sosw@paytm/Chala
01/05/2024,,1154.56,DR,1977.33,UPI/1lwt5kciq0pe@okhdfc/P2M/3sy3havf@ptbsi/Airtel
01/05/2024,,611.98,CR,2589.31,UPI/xpmeonitqd4i@okaxis
01/05/2024,286362,435.47,DR,2153.84,UPI/2rbc9u94o8dc@paytm/P2M/mt9pldpz@ptbyl/Chala
01/05/2024,619074,1123.54,DR,1030.3,UPI/b0qwnxd6z5ja@okaxis/P2M/4omys3np@ptbsi/BigBazaar
01/05/2024,,674.02,DR,356.28,UPI/vnpxgo8ygci8@okaxis/P2M/k8xrmr45@paytm/Paytm
01/05/2024,,321.86,DR,34.42,UPI/6014rkd4z5nv@ybl/P2M/wn300nsc@ptbsi/BigBazaar
