Date,Instrument ID,Amount,Type,Balance,Remarks
31/01/2024,661122,97.99,DR,963.17,UPI/1g1hmxf54020@ybl/P2M/0btbxsr9@ptbyl/Amazon
31/01/2024,,685.84,DR,277.33,UPI/3o1b7xpq2saw@okhdfc/P2M/jchgmblv@oksbi/Edara
31/01/2024,,195.22,DR,82.11,UPI/3aawkoomt475@paytm/P2M/pdvw0mo5@oksbi/VENNA
30/01/2024,395648,213.43,CR,295.54,UPI/bbusqvy03xzn@okhdfc
30/01/2024,,239.08,DR,56.46,UPI/bskdiabs19ty@ybl/P2M/y14wg88c@oksbi/AxisBank
29/01/2024,741446,3262.29,CR,3318.75,UPI/80v4kjifnuh8@ybl
29/01/2024,,2149.2,CR,5467.95,UPI/lx4ulaer3epr@oksbi
29/01/2024,,1075.51,DR,4392.44,UPI/jdto0nby9rxv@axl/P2M/xkw6a0j3@oksbi/AxisBank
29/01/2024,,533.31,DR,3859.13,UPI/g9gbfegobvml@okhdfc/P2M/pxhf81ya@ptbyl/AxisBank
29/01/2024,833667,463.38,DR,3395.75,UPI/axurin8td475@oksbi/P2M/v062rn1j@ptbyl/VENNA
29/01/2024,,745.67,DR,2650.08,UPI/p3lhvdr620jr@ybl/P2M/aduon8ol@ptbyl/Edara
29/01/2024,,1054.35,DR,1595.73,UPI/vwre53b4wv44@oksbi/P2M/704olm74@ptbsi/Chala
29/01/2024,,2880.19,CR,4475.92,UPI/a3owyghuyjlm@okhdfc
29/01/2024,378915,1359.75,DR,3116.17,UPI/3qxcbucvyg9a@okaxis/P2M/0l9nkv7e@ptbsi/Amazon
29/01/2024,321345,971.79,DR,2144.38,UPI/ee3aevuqzg6x@okhdfc/P2M/c9jlst8m@paytm/Chala
29/01/2024,238021,162.68,DR,1981.7,UPI/4378mfjzz063@oksbi/P2M/hqjnscnr@paytm/Chala
29/01/2024,737280,4584.32,CR,6566.02,UPI/749adolyj4u0@oksbi
28/01/2024,,589.37,DR,5976.65,UPI/n4btbocn5p6y@okhdfc/P2M/47fogums@oksbi/Flipkart
28/01/2024,553162,1708.49,CR,7685.14,UPI/ra7zur8th75n@okhdfc
28/01/2024,156765,503.87,DR,7181.27,UPI/n9tnxrzvcb3j@axl/P2M/hebi1pgc@oksbi/VENNA
28/01/2024,,1470.78,DR,5710.49,UPI/5ft257vrbxsh@paytm/P2M/78f95u1b@ptbyl/BigBazaar
28/01/2024,774952,332.4,DR,5378.09,UPI/qbzn8ty4qsn5@axl/P2M/1kftofk9@paytm/Flipkart
28/01/2024,,541.85,DR,4836.24,UPI/4o3duyr7xxc6@oksbi/P2M/5b97s5bg@paytm/AxisBank
28/01/2024,712148,1006.44,DR,3829.8,UPI/lxliod6xi85i@paytm/P2M/4wjn176s@oksbi/Chala
28/01/2024,498283,578.46,DR,3251.34,UPI/bx52dc1rmik5@okaxis/P2M/9sijuwx6@ptbyl/AxisBank
28/01/2024,,2447.74,CR,5699.08,UPI/47rhf7erqup0@okaxis
28/01/2024,,1459.5,DR,4239.58,UPI/cvixe7rejyw6@paytm/P2M/n3fvqc0j@oksbi/Edara
28/01/2024,,1431.7,DR,2807.88,UPI/zae79vfadhkn@okaxis/P2M/8q7v1t2b@ptbsi/VENNA
28/01/2024,,261.74,DR,2546.14,UPI/3bhogqnlp46s@ybl/P2M/dcnnsbia@oksbi/Edara
28/01/2024,,524.69,DR,2021.45,UPI/ehl8fgwwvyd9@okhdfc/P2M/dy58e1cx@paytm/Paytm
27/01/2024,,1391.05,DR,630.4,UPI/mnesl4lkrr3q@okhdfc/P2M/1l4jc2c2@oksbi/AxisBank
27/01/2024,939486,364.92,DR,265.48,UPI/p0w188pfp94l@paytm/P2M/101m80ps@oksbi/BigBazaar
26/01/2024,,1460.18,CR,1725.66,UPI/xtmw1wmxwlro@ybl
26/01/2024,417638,540.99,DR,1184.67,UPI/ndidy1nh6i29@okaxis/P2M/f4gr85q7@ptbyl/Airtel
26/01/2024,694758,3793.52,CR,4978.19,UPI/e8t5au40h7sm@okaxis
26/01/2024,308684,1475.83,DR,3502.36,UPI/i3ol9sqm956o@okhdfc/P2M/sx3scfu4@ptbsi/BigBazaar
26/01/2024,244393,1018.74,DR,2483.62,UPI/3qsnl185xe08@axl/P2M/rm85r3rt@paytm/Amazon
26/01/2024,342137,1071.8,DR,1411.82,UPI/9k8tvaubrift@ybl/P2M/cnud8i2z@paytm/AxisBank
26/01/2024,520351,1344.22,DR,67.6,UPI/xzal1wl5tnmr@axl/P2M/ynyubcps@ptbsi/Edara
25/01/2024,,2675.94,CR,2743.54,UPI/gb59s98jc7p6@okaxis
25/01/2024,660733,287.89,DR,2455.65,UPI/8m0hhvzrtw4e@axl/P2M/jmyg7mbq@paytm/Amazon
25/01/2024,,684.83,DR,1770.82,UPI/0rn9b7e3sjw4@okhdfc/P2M/5p59cx71@ptbyl/Paytm
25/01/2024,,141.67,DR,1629.15,UPI/f3uaou1jq2qk@axl/P2M/p9rrxofv@paytm/Chala
25/01/2024,,593.02,DR,1036.13,UPI/sc0d06pe40ar@oksbi/P2M/wfm9dky7@ptbyl/Chala
25/01/2024,884239,334.64,CR,1370.77,UPI/7q6jwzk85jpc@ybl
24/01/2024,818706,1697.2,CR,3067.97,UPI/dmi3fefef2bl@ybl
24/01/2024,,836.01,DR,2231.96,UPI/saw4av4k1bmw@okhdfc/P2M/iq6o9kry@ptbyl/Amazon
24/01/2024,,456.73,DR,1775.23,UPI/ms9hjiqmzbim@okhdfc/P2M/x5etq9r4@ptbyl/Edara
24/01/2024,,899.36,DR,875.87,UPI/05vt7y9jdd4b@ybl/P2M/f3fwrltl@ptbsi/Amazon
24/01/2024,,352.82,DR,523.05,UPI/qgpjtde6pwbt@ybl/P2M/6ykqcxgs@ptbyl/Airtel
24/01/2024,,87.27,DR,435.78,UPI/6yqmo3qggilc@oksbi/P2M/ppln8tvl@paytm/Edara
24/01/2024,,45.09,DR,390.69,UPI/r46bgco8uet8@okaxis/P2M/ww5cp39g@ptbsi/Airtel
23/01/2024,,361.65,DR,29.04,UPI/jxs4kgokmt1s@paytm/P2M/mtfqubko@oksbi/Paytm
23/01/2024,,2378.45,CR,2407.49,UPI/6gibemp7c2ds@oksbi
23/01/2024,,884.36,DR,1523.13,UPI/6l4xxhp8txvo@oksbi/P2M/3r49uuh4@ptbyl/BigBazaar
23/01/2024,,2790.37,CR,4313.5,UPI/32nu5k7akp1z@okaxis
22/01/2024,,656.22,DR,3657.28,UPI/tip5ckq44a0b@oksbi/P2M/d0decpbt@oksbi/Amazon
22/01/2024,889289,632.3,DR,3024.98,UPI/bswjg3scn3pj@oksbi/P2M/u6vrkbp4@ptbyl/Paytm
22/01/2024,822504,701.01,DR,2323.97,UPI/2m64g0gc73no@okaxis/P2M/cpohctdl@oksbi/Paytm
22/01/2024,,3682.47,CR,6006.44,UPI/pzbbg92mnsrp@paytm
22/01/2024,,316.05,DR,5690.39,UPI/1lu66p1uu3ti@paytm/P2M/0ez1c8ey@ptbsi/Amazon
22/01/2024,,544.32,DR,5146.07,UPI/yk4mckttnzic@okhdfc/P2M/c1846mh1@oksbi/Edara
22/01/2024,,1487.99,DR,3658.08,UPI/1xl7m15kufdh@paytm/P2M/p1lljxd8@oksbi/VENNA
22/01/2024,,1252.14,DR,2405.94,UPI/stq5km94j9hu@ybl/P2M/a9xbyodh@ptbsi/VENNA
22/01/2024,,1494.43,DR,911.51,UPI/ymbeb31lrz6v@okaxis/P2M/274s95xl@paytm/Amazon
22/01/2024,843488,653.65,DR,257.86,UPI/q8vsenj8s8at@ybl/P2M/nqm71ys0@paytm/Airtel
21/01/2024,,2184.3,CR,2442.16,UPI/fahguppkl6cu@ybl
21/01/2024,155174,834.8,DR,1607.36,UPI/wz3ecycdkbbf@paytm/P2M/ieb14by6@ptbsi/Amazon
21/01/2024,,905.6,DR,701.76,UPI/c9fxo62boydi@paytm/P2M/ut5f634l@oksbi/BigBazaar
21/01/2024,,363.65,DR,338.11,UPI/qwt8dmnwpsm2@ybl/P2M/azlcg02r@ptbsi/Chala
21/01/2024,,2010.21,CR,2348.32,UPI/4gof0qaugmvi@oksbi
21/01/2024,,754.16,DR,1594.16,UPI/zsozpydzkj7z@axl/P2M/vipspq91@ptbsi/Chala
21/01/2024,,168.27,DR,1425.89,UPI/2ew2a1s1gme7@okaxis/P2M/vw752h55@ptbsi/Amazon
21/01/2024,221980,166.54,DR,1259.35,UPI/3mkkmrjbz3r8@oksbi/P2M/84uncdid@oksbi/AxisBank
21/01/2024,218352,462.76,CR,1722.11,UPI/z6984hzvhqcj@okhdfc
21/01/2024,193233,46.61,DR,1675.5,UPI/15r2e3hcvqup@ybl/P2M/q44fouvb@ptbyl/AxisBank
21/01/2024,775812,350.2,DR,1325.3,UPI/fwvy7anden4c@oksbi/P2M/dphdpkik@oksbi/Amazon
21/01/2024,263121,439.64,DR,885.66,UPI/orc9jcw3fawo@okaxis/P2M/oil05pc2@ptbsi/BigBazaar
20/01/2024,,2238.6,CR,3124.26,UPI/bsb34500tyg4@okaxis
20/01/2024,,870.91,DR,2253.35,UPI/tz55n4xizhd6@ybl/P2M/i7weo598@ptbsi/Flipkart
20/01/2024,,335.93,DR,1917.42,UPI/gawgaz2y5cq4@paytm/P2M/yuqd64gm@oksbi/Flipkart
20/01/2024,,1437.0,DR,480.42,UPI/wzjg0hhh81yy@okhdfc/P2M/ef32gkr2@ptbyl/AxisBank
20/01/2024,752197,4220.83,CR,4701.25,UPI/c1gq9l6uebwz@axl
20/01/2024,,330.2,DR,4371.05,UPI/3e5ibnkg9mkb@okhdfc/P2M/clhjrzyo@paytm/Flipkart
20/01/2024,,745.02,DR,3626.03,UPI/1fvvbld89qpp@paytm/P2M/obrbq0eu@ptbsi/VENNA
20/01/2024,,1310.84,DR,2315.19,UPI/mkbcj52wsbip@okhdfc/P2M/u8vlqqu1@paytm/Paytm
20/01/2024,,4092.22,CR,6407.41,UPI/rt5hag849i76@oksbi
20/01/2024,,71.67,DR,6335.74,UPI/xgqnuunvoq4r@axl/P2M/kml0kyba@oksbi/AxisBank
19/01/2024,545573,224.43,DR,6111.31,UPI/pcorcxp5nm52@ybl/P2M/oo5jy6cv@ptbyl/BigBazaar
19/01/2024,918393,151.74,DR,5959.57,UPI/wr322xke9i0v@okhdfc/P2M/ejwy2qtc@paytm/Edara
19/01/2024,,176.11,DR,5783.46,UPI/t6kbjaqmxgyg@paytm/P2M/r6k4axxh@paytm/Paytm
19/01/2024,615732,619.43,DR,5164.03,UPI/wnw9r8g0iwqh@okaxis/P2M/m6p7kgac@ptbsi/BigBazaar
19/01/2024,958808,637.47,DR,4526.56,UPI/svb027c4xp2o@oksbi/P2M/jpictll6@paytm/Airtel
19/01/2024,,987.91,DR,3538.65,UPI/nvibqrrfbm9v@ybl/P2M/jhvak3rm@ptbyl/Paytm
19/01/2024,148321,1205.33,DR,2333.32,UPI/ighorh3kpj03@ybl/P2M/w6cy97tn@ptbyl/Flipkart
19/01/2024,,528.77,DR,1804.55,UPI/14otg4dv4k48@okaxis/P2M/qss6kdrj@oksbi/Airtel
19/01/2024,226713,1492.54,DR,312.01,UPI/vk9wvuhgtg7e@axl/P2M/arnp91r1@ptbsi/Edara
19/01/2024,852187,1548.2,CR,1860.21,UPI/qen2d9yodqp4@oksbi
19/01/2024,149188,1451.71,DR,408.5,UPI/ay2oaixjup5y@paytm/P2M/d6w7ywtk@ptbsi/Airtel
19/01/2024,,2017.86,CR,2426.36,UPI/5t6ew7dtph46@paytm
18/01/2024,729672,589.04,DR,1837.32,UPI/zumw4sg5x8z2@okaxis/P2M/crc3lpc9@ptbyl/AxisBank
18/01/2024,170429,614.69,DR,1222.63,UPI/33o4gwxa9513@ybl/P2M/44o6j8qt@paytm/AxisBank
18/01/2024,,423.92,DR,798.71,UPI/56nm3d1tuqu8@oksbi/P2M/nzs1gran@ptbyl/BigBazaar
18/01/2024,,1954.28,CR,2752.99,UPI/qt53wgrkw70a@okaxis
18/01/2024,,760.41,DR,1992.58,UPI/v00pvkkxbt39@axl/P2M/xns409zk@oksbi/VENNA
18/01/2024,,221.98,DR,1770.6,UPI/4vbq68w3pwnu@ybl/P2M/qvlrzkcz@oksbi/AxisBank
18/01/2024,172437,267.63,DR,1502.97,UPI/h16ytfiyrkg2@okaxis/P2M/fewd6bvg@paytm/Amazon
18/01/2024,,3127.57,CR,4630.54,UPI/th3sd1sdvpg0@ybl
18/01/2024,396513,2432.95,CR,7063.49,UPI/69dfcxpqf6o0@paytm
18/01/2024,,3745.21,CR,10808.7,UPI/2eunv7ji427y@paytm
18/01/2024,,1460.22,DR,9348.48,UPI/hf6ph9ajm337@paytm/P2M/t5ai2r5s@oksbi/Chala
18/01/2024,,853.25,DR,8495.23,UPI/n09kqxnw2yz6@okhdfc/P2M/o07eghjd@ptbyl/VENNA
17/01/2024,382646,936.91,DR,7558.32,UPI/vn79s7ec0xdz@okaxis/P2M/9p12n8pz@oksbi/AxisBank
17/01/2024,,132.15,DR,7426.17,UPI/xoyfy54kzu4f@okhdfc/P2M/k03ja7nj@oksbi/Amazon
17/01/2024,,4056.19,CR,11482.36,UPI/17bygfjni6bu@okhdfc
17/01/2024,,365.42,DR,11116.94,UPI/lnwayt4liee3@paytm/P2M/beaek29d@paytm/Edara
17/01/2024,,4362.67,CR,15479.61,UPI/xy2nl9w0rrzu@okhdfc
17/01/2024,619217,4896.66,CR,20376.27,UPI/icpmeqwj7x1x@axl
17/01/2024,,1343.26,DR,19033.01,UPI/waszsw9uywcz@oksbi/P2M/s3n6bv71@ptbyl/Paytm
17/01/2024,,354.85,DR,18678.16,UPI/mcl9qu5bc7xn@okhdfc/P2M/fnhz3b6d@paytm/Chala
17/01/2024,,854.55,DR,17823.61,UPI/m3tfm525rjjh@axl/P2M/blqasqp4@paytm/Airtel
17/01/2024,741560,181.89,DR,17641.72,UPI/r99kwpiipgnf@okhdfc/P2M/7s17uraa@paytm/Amazon
17/01/2024,796944,871.56,DR,16770.16,UPI/720k2bv4fw6h@paytm/P2M/ieadrr82@ptbsi/Paytm
17/01/2024,734701,817.66,CR,17587.82,UPI/ll25e5bmeleg@ybl
17/01/2024,,480.93,DR,17106.89,UPI/2sas66cjb7j1@paytm/P2M/6a8lpm7n@paytm/AxisBank
16/01/2024,,937.55,DR,16169.34,UPI/6wvbakoyw906@axl/P2M/c56d42ck@oksbi/Flipkart
16/01/2024,,328.27,DR,15841.07,UPI/mfe2d746af5b@ybl/P2M/kg0439oo@ptbyl/VENNA
16/01/2024,638256,136.15,DR,15704.92,UPI/9utb9lbmjo8d@okaxis/P2M/j8b9sr72@ptbyl/Paytm
16/01/2024,,151.04,CR,15855.96,UPI/j333hll2l5lf@oksbi
16/01/2024,,419.43,DR,15436.53,UPI/kha2p6vx7q42@axl/P2M/ms2ocxzk@ptbyl/BigBazaar
16/01/2024,,434.01,DR,15002.52,UPI/jn3gb2wdug2r@paytm/P2M/53prm7pm@oksbi/BigBazaar
16/01/2024,,867.11,DR,14135.41,UPI/ayavhole31g1@paytm/P2M/sm1s4yyy@ptbsi/BigBazaar
16/01/2024,,495.02,DR,13640.39,UPI/ww65ds0a4lvj@paytm/P2M/p1wvx8ns@ptbyl/VENNA
16/01/2024,870436,685.84,DR,12954.55,UPI/4woxyahs6wl5@oksbi/P2M/v18en95w@ptbyl/Edara
16/01/2024,379901,938.89,DR,12015.66,UPI/5rc6didygnp2@oksbi/P2M/ksr9rpde@oksbi/BigBazaar
16/01/2024,726555,40.09,DR,11975.57,UPI/7q6o4zqvrwml@paytm/P2M/pq09byio@ptbsi/Chala
16/01/2024,,794.85,DR,11180.72,UPI/3gmjel1n75hz@okhdfc/P2M/46x4bb88@paytm/Paytm
16/01/2024,,3220.02,CR,14400.74,UPI/aet4h2fgg5uz@okhdfc
15/01/2024,,712.71,DR,13688.03,UPI/v7e0mdl8gzzr@axl/P2M/qabnm2he@oksbi/VENNA
15/01/2024,852263,634.77,DR,13053.26,UPI/hqmmunomcvmv@okaxis/P2M/bngkge08@paytm/Edara
15/01/2024,,1088.91,DR,11964.35,UPI/khv4198uixa4@ybl/P2M/z8tutcxn@oksbi/AxisBank
15/01/2024,490737,1113.28,DR,10851.07,UPI/snmuiywgu4dd@okaxis/P2M/aqz2nlx2@oksbi/Amazon
15/01/2024,896863,949.36,DR,9901.71,UPI/4etries6a39y@axl/P2M/s1yyp5h3@oksbi/Chala
15/01/2024,,987.43,DR,8914.28,UPI/q89t59m6kdyw@okhdfc/P2M/v9wc5v39@paytm/Chala
15/01/2024,455142,1028.37,DR,7885.91,UPI/xn102iyerun8@oksbi/P2M/a9txry7t@ptbsi/Airtel
15/01/2024,884754,124.36,DR,7761.55,UPI/9txybbwy33zp@paytm/P2M/wejh9obl@ptbsi/Amazon
15/01/2024,,1136.47,DR,6625.08,UPI/zahztu18uvzc@okaxis/P2M/3zt7oqt4@ptbyl/Flipkart
15/01/2024,620016,627.46,DR,5997.62,UPI/2hzqj5g7lrcg@okaxis/P2M/nebyrtql@ptbsi/Airtel
15/01/2024,115647,161.38,CR,6159.0,UPI/10qibcvo9exe@okaxis
15/01/2024,,1370.46,DR,4788.54,UPI/tzb74h9156v8@okaxis/P2M/3dtzcp8s@ptbsi/Edara
15/01/2024,241708,491.16,DR,4297.38,UPI/z814jqbcq0ru@okhdfc/P2M/25eawcwc@oksbi/Chala
14/01/2024,,2717.45,CR,7014.83,UPI/ppjhthp78110@axl
14/01/2024,237521,3888.88,CR,10903.71,UPI/fp5hhd4ecaax@ybl
14/01/2024,,2456.85,CR,13360.56,UPI/pcbu5xlo2o39@axl
14/01/2024,,31.9,DR,13328.66,UPI/k0a1scp6ofg0@ybl/P2M/kfl4czk0@oksbi/Flipkart
14/01/2024,417468,1137.28,DR,12191.38,UPI/2f1nuqnsss8q@axl/P2M/r1g9ltde@paytm/Amazon
14/01/2024,171759,4708.45,CR,16899.83,UPI/bxekst7uo57w@oksbi
14/01/2024,,805.66,DR,16094.17,UPI/jzrqndp5fsbf@oksbi/P2M/ruek8vjk@paytm/Flipkart
14/01/2024,,132.54,DR,15961.63,UPI/kf3827yb01ct@oksbi/P2M/9tqyo9rf@paytm/BigBazaar
14/01/2024,640095,1299.31,DR,14662.32,UPI/nvw92st5qqf9@oksbi/P2M/qgibo87a@paytm/Flipkart
14/01/2024,,211.13,DR,14451.19,UPI/jiqk2shhf8iu@axl/P2M/ffped0jv@paytm/Paytm
14/01/2024,,1373.78,DR,13077.41,UPI/5kq89gt5pcv0@ybl/P2M/wh8xn81m@ptbyl/Amazon
14/01/2024,540301,808.74,DR,12268.67,UPI/lkwsukj8l56i@ybl/P2M/5y7n73pc@oksbi/Airtel
14/01/2024,395420,2155.0,CR,14423.67,UPI/majakbjuayzj@okhdfc
13/01/2024,657628,4895.37,CR,19319.04,UPI/w765ddxnboai@okaxis
13/01/2024,,3851.05,CR,23170.09,UPI/9u4n6cbv7alc@oksbi
13/01/2024,,154.36,DR,23015.73,UPI/5z5hp8dj73fq@okaxis/P2M/b79tg4dk@oksbi/Flipkart
13/01/2024,813977,3470.47,CR,26486.2,UPI/y7cnen19an1e@okhdfc
13/01/2024,,3393.32,CR,29879.52,UPI/rx3rflq9mg0o@okhdfc
13/01/2024,,2394.87,CR,32274.39,UPI/9h27a84kgs22@paytm
13/01/2024,109394,1027.32,DR,31247.07,UPI/3rgr82xwqawx@okaxis/P2M/0xzyll1x@ptbyl/VENNA
13/01/2024,,3060.48,CR,34307.55,UPI/md3m1qou5qlo@ybl
13/01/2024,733465,1351.86,DR,32955.69,UPI/9ezaqykwhfnx@paytm/P2M/17e7ey6r@paytm/Amazon
13/01/2024,,332.95,DR,32622.74,UPI/y5t8dhqtzjm9@ybl/P2M/j7hkeeht@oksbi/Edara
13/01/2024,462923,681.72,DR,31941.02,UPI/uulh7mvstiem@okaxis/P2M/isck1fti@paytm/Chala
13/01/2024,,828.74,DR,31112.28,UPI/t0ukjf7362dw@ybl/P2M/a20o3qb2@paytm/Edara
13/01/2024,,1131.55,DR,29980.73,UPI/icbimfapqvub@paytm/P2M/vvzrfcip@ptbyl/Amazon
12/01/2024,884827,809.51,CR,30790.24,UPI/hma9vbxuh375@oksbi
12/01/2024,724941,962.82,DR,29827.42,UPI/sv0rsh86zmtx@okhdfc/P2M/e8zouwhc@ptbsi/Chala
12/01/2024,,1291.74,DR,28535.68,UPI/9s5kd6pm3d8c@axl/P2M/xa0qsawl@ptbyl/Flipkart
12/01/2024,,1219.49,DR,27316.19,UPI/uwqjgqd29b2x@oksbi/P2M/exyxu0xa@ptbyl/AxisBank
12/01/2024,,398.04,DR,26918.15,UPI/jy5yuh274i4m@okhdfc/P2M/gois5ws7@ptbyl/Amazon
12/01/2024,723800,70.8,DR,26847.35,UPI/xncytztoxkxk@okaxis/P2M/xkmwevcd@paytm/Paytm
12/01/2024,,4355.47,CR,31202.82,UPI/cq9d4neu6agp@ybl
12/01/2024,,23.06,DR,31179.76,UPI/gnlljydq0yvs@okaxis/P2M/gpvxuk4z@ptbsi/VENNA
12/01/2024,,711.42,DR,30468.34,UPI/yfrv8f89jjaw@ybl/P2M/uquiq3aq@ptbyl/Paytm
12/01/2024,,933.13,DR,29535.21,UPI/0yzwaytxwtrf@ybl/P2M/xw3bkjy7@ptbyl/Edara
12/01/2024,654765,265.89,DR,29269.32,UPI/7si2ymdivqnd@axl/P2M/srwqsl4t@ptbsi/Amazon
12/01/2024,,117.73,DR,29151.59,UPI/7pr9vltkwfl3@axl/P2M/5w2eni2b@oksbi/BigBazaar
12/01/2024,,833.6,DR,28317.99,UPI/l3b0amon18bx@ybl/P2M/ho5te9y5@oksbi/AxisBank
11/01/2024,705728,1424.28,DR,26893.71,UPI/92vagu2l7qub@paytm/P2M/gzhvt7th@ptbsi/AxisBank
11/01/2024,400609,961.24,DR,25932.47,UPI/pf7jeaaz71nw@okaxis/P2M/n3pjecdj@paytm/VENNA
11/01/2024,,687.16,DR,25245.31,UPI/wl5og6m8d9i8@ybl/P2M/nql88ihk@ptbyl/Edara
11/01/2024,,464.24,DR,24781.07,UPI/v1338fjwuwlp@ybl/P2M/2wr7v87w@oksbi/Airtel
11/01/2024,403061,1296.68,DR,23484.39,UPI/z8rotltx1ab0@okaxis/P2M/vz2c2hxf@oksbi/Edara
11/01/2024,773313,943.65,DR,22540.74,UPI/1mulk89r7ike@okaxis/P2M/92d22p1s@paytm/BigBazaar
11/01/2024,,276.38,DR,22264.36,UPI/hzbybujuykxj@okaxis/P2M/1knto8k8@paytm/VENNA
11/01/2024,,39.9,DR,22224.46,UPI/6nor18u8r3zs@okhdfc/P2M/tfucfgv9@ptbsi/Flipkart
11/01/2024,424046,502.31,DR,21722.15,UPI/4r4w3ttmgydj@axl/P2M/xc0pekz9@ptbyl/BigBazaar
11/01/2024,,616.24,DR,21105.91,UPI/pfr2zagukncj@oksbi/P2M/8rywrsto@ptbsi/VENNA
11/01/2024,,1473.93,DR,19631.98,UPI/h6n3mryim2jf@axl/P2M/jlplk750@ptbsi/Airtel
11/01/2024,,1299.69,DR,18332.29,UPI/kv573tpxu2vh@paytm/P2M/83bj2uc3@ptbyl/Chala
11/01/2024,,931.82,DR,17400.47,UPI/t8e40x7dyq69@paytm/P2M/9wyjekod@paytm/Airtel
10/01/2024,,108.16,DR,17292.31,UPI/ivrkzb563tty@paytm/P2M/hatp4hma@oksbi/AxisBank
10/01/2024,999767,798.95,DR,16493.36,UPI/ncyhpvvnm7xe@okhdfc/P2M/hu5czr75@ptbyl/VENNA
10/01/2024,,818.29,DR,15675.07,UPI/amz7mpkgkogg@ybl/P2M/85rbl90q@ptbsi/Chala
10/01/2024,417025,1278.25,DR,14396.82,UPI/p4bv5vlowwic@axl/P2M/rkw01yhf@ptbyl/VENNA
10/01/2024,641793,2014.63,CR,16411.45,UPI/odtt0pmayzma@ybl
10/01/2024,,876.38,DR,15535.07,UPI/3s3eegkf7wl7@oksbi/P2M/htyutuo1@ptbyl/Paytm
10/01/2024,,167.19,DR,15367.88,UPI/trbdgegoq1n7@ybl/P2M/s245nuzh@ptbyl/Amazon
10/01/2024,979448,916.32,DR,14451.56,UPI/k71l25m1o54z@axl/P2M/x0b3evfl@paytm/Amazon
10/01/2024,,723.12,DR,13728.44,UPI/bfyccoyf8ycr@axl/P2M/v65mh12q@ptbsi/Airtel
10/01/2024,,1449.99,CR,15178.43,UPI/jorakf9sglfd@ybl
10/01/2024,,878.73,DR,14299.7,UPI/mb3sn4l0m0hj@ybl/P2M/4yhy0m3l@oksbi/BigBazaar
10/01/2024,,2279.7,CR,16579.4,UPI/vemdxflzui93@ybl
10/01/2024,,1252.05,DR,15327.35,UPI/abx4k6qik7vk@axl/P2M/o5x1kmj1@oksbi/Airtel
09/01/2024,195287,1880.35,CR,17207.7,UPI/84crx0rcv0j6@axl
09/01/2024,,1271.97,DR,15935.73,UPI/txojdn8lko5b@axl/P2M/cst1hdf9@oksbi/VENNA
09/01/2024,388479,992.71,DR,14943.02,UPI/hs2nd45dqav4@okaxis/P2M/1jt64qwp@ptbyl/BigBazaar
09/01/2024,,865.01,DR,14078.01,UPI/2cmzfhsu4qv1@okaxis/P2M/uxkabwzj@paytm/Paytm
09/01/2024,,168.87,DR,13909.14,UPI/0klqic99yo0d@okhdfc/P2M/96tzkejv@paytm/Paytm
09/01/2024,836332,1256.95,DR,12652.19,UPI/pa19xkc5hfdq@axl/P2M/1ltqf124@ptbyl/AxisBank
09/01/2024,490070,985.19,DR,11667.0,UPI/xol9ex0fdafk@okaxis/P2M/gmbik5qn@ptbyl/Airtel
09/01/2024,605175,2334.79,CR,14001.79,UPI/slrpb5k26uje@ybl
09/01/2024,,550.94,DR,13450.85,UPI/zbii5ougavgc@paytm/P2M/5r9zm1q9@paytm/Edara
09/01/2024,,2962.67,CR,16413.52,UPI/5vszbwtjhs5y@okaxis
09/01/2024,357727,778.38,DR,15635.14,UPI/opooxcpouxik@oksbi/P2M/dbqk2xr3@ptbyl/BigBazaar
09/01/2024,149807,1330.53,DR,14304.61,UPI/1ol6f4revk0g@axl/P2M/wmaw0dzf@oksbi/AxisBank
09/01/2024,174717,1244.83,DR,13059.78,UPI/j5ycfh09hyn2@axl/P2M/vfbuhzi4@ptbyl/Paytm
08/01/2024,659273,300.61,DR,12759.17,UPI/03lvxzf92usc@ybl/P2M/t3v828vn@oksbi/VENNA
08/01/2024,386156,1303.72,DR,11455.45,UPI/4segmobj3i1l@oksbi/P2M/72b4zooe@ptbsi/Flipkart
08/01/2024,546565,940.94,DR,10514.51,UPI/ib0nhnsale9i@ybl/P2M/oylc71mi@paytm/VENNA
08/01/2024,875997,906.48,DR,9608.03,UPI/uo0i1kwsoxa4@okaxis/P2M/pyggbc8x@ptbyl/Edara
08/01/2024,,1322.33,DR,8285.7,UPI/dx8tr10rs0v6@okhdfc/P2M/miwdbbu6@paytm/BigBazaar
08/01/2024,220230,1049.59,DR,7236.11,UPI/nrbxs0nkg1i3@okaxis/P2M/kdo40bow@oksbi/AxisBank
08/01/2024,533158,3990.62,CR,11226.73,UPI/hbkgn5poxg3f@oksbi
08/01/2024,650665,1372.71,DR,9854.02,UPI/e40c0zsc2i0p@paytm/P2M/yp4hft16@paytm/Chala
08/01/2024,186520,286.18,DR,9567.84,UPI/7i8p2bae1ubz@paytm/P2M/hk51qvhb@oksbi/VENNA
08/01/2024,,401.23,DR,9166.61,UPI/rs8ez033u9hi@paytm/P2M/7tnrqvdx@ptbsi/Edara
08/01/2024,150573,717.17,DR,8449.44,UPI/lklgn8rulkl2@okaxis/P2M/n957vq3m@ptbyl/AxisBank
08/01/2024,,94.35,DR,8355.09,UPI/alx2htlfyjyj@ybl/P2M/1r2rwm7b@paytm/AxisBank
08/01/2024,960359,1238.58,DR,7116.51,UPI/2gwamvh5ec0t@okhdfc/P2M/970ge07f@paytm/VENNA
07/01/2024,,1186.17,DR,5930.34,UPI/uly0hoizyefu@oksbi/P2M/w94cw8qz@paytm/Airtel
07/01/2024,,839.03,DR,5091.31,UPI/ax4wie3fxv4x@ybl/P2M/mh9h0bli@ptbsi/Edara
07/01/2024,,691.13,DR,4400.18,UPI/hkhv9l6d3guu@paytm/P2M/lmuqbxdk@ptbyl/BigBazaar
07/01/2024,,937.7,DR,3462.48,UPI/pfat2bvq1md0@paytm/P2M/ghix83c8@ptbyl/VENNA
07/01/2024,104320,695.44,DR,2767.04,UPI/y7cnmv2qkftm@axl/P2M/vasnvacl@paytm/Chala
07/01/2024,,970.9,DR,1796.14,UPI/4j1amt70ygp0@oksbi/P2M/qn8g1xb7@paytm/VENNA
07/01/2024,,303.39,CR,2099.53,UPI/swjkuwb2ctzq@okaxis
07/01/2024,,1499.32,DR,600.21,UPI/vf7ai5620av2@ybl/P2M/6581r30c@paytm/VENNA
07/01/2024,,3296.0,CR,3896.21,UPI/rpus304myn8m@axl
07/01/2024,763462,700.58,DR,3195.63,UPI/5r68lbtv0uqr@okhdfc/P2M/w09uftt9@ptbyl/BigBazaar
07/01/2024,,1415.11,DR,1780.52,UPI/iyprpy5n3ah2@oksbi/P2M/5grslyn2@oksbi/Chala
07/01/2024,,314.11,DR,1466.41,UPI/fmtlptk3t9ez@paytm/P2M/c8hcg6pn@ptbyl/Airtel
07/01/2024,,588.11,DR,878.3,UPI/41kel4zixgdm@oksbi/P2M/5b8borkm@ptbyl/Amazon
06/01/2024,,599.46,DR,278.84,UPI/brveglx577pd@ybl/P2M/66l81hl9@ptbsi/VENNA
06/01/2024,,216.8,DR,62.04,UPI/ftei1u3mgsux@okhdfc/P2M/a2fi41jt@ptbsi/Chala
06/01/2024,,2633.81,CR,2695.85,UPI/jclgru2tx6qx@okaxis
06/01/2024,,870.41,DR,1825.44,UPI/0cs2jo1ur65v@ybl/P2M/88frngu8@ptbsi/Chala
06/01/2024,,341.88,DR,1483.56,UPI/igqujvimsttw@okaxis/P2M/1hous7m2@ptbsi/Flipkart
06/01/2024,,565.08,DR,918.48,UPI/zar2qbpe14u6@okaxis/P2M/mxavntn9@ptbsi/Paytm
06/01/2024,,376.66,DR,541.82,UPI/zlwsc7pvjykz@okaxis/P2M/8c4jr6vn@ptbyl/Airtel
06/01/2024,,232.92,DR,308.9,UPI/xpx99nz6v5w7@ybl/P2M/elmb3gxs@oksbi/VENNA
06/01/2024,,256.37,DR,52.53,UPI/qquw48cztmjb@axl/P2M/yqf2vehk@paytm/Edara
06/01/2024,249286,3870.32,CR,3922.85,UPI/ljlo1kd14pb1@ybl
05/01/2024,,4049.28,CR,7972.13,UPI/3bgbx8aycjso@paytm
05/01/2024,,71.73,DR,7900.4,UPI/m81q4g19cjsv@ybl/P2M/nrr1upe3@oksbi/BigBazaar
05/01/2024,,716.84,DR,7183.56,UPI/jj6j5rpoejj0@axl/P2M/xv1dkc7b@ptbyl/Airtel
05/01/2024,,153.56,DR,7030.0,UPI/o6lxkp8x5t7a@ybl/P2M/1to0un23@ptbyl/VENNA
05/01/2024,930982,672.11,DR,6357.89,UPI/xoqaykb54ng5@axl/P2M/cl41t8oa@paytm/Chala
05/01/2024,,3057.61,CR,9415.5,UPI/4aradaqtddyp@okaxis
05/01/2024,751586,1144.86,DR,8270.64,UPI/i4puref967e2@okaxis/P2M/qcafga76@ptbsi/Edara
05/01/2024,,312.58,DR,7958.06,UPI/5666dq39yr7c@oksbi/P2M/m2myzlu2@oksbi/AxisBank
05/01/2024,845395,3900.34,CR,11858.4,UPI/afwgcouwg1gb@axl
05/01/2024,537583,1206.05,DR,10652.35,UPI/7fur1o3t1329@okaxis/P2M/305a1by5@ptbyl/Flipkart
05/01/2024,,681.92,DR,9970.43,UPI/mqxa11f7xfq4@oksbi/P2M/97gfqy45@ptbsi/Amazon
05/01/2024,,1109.21,DR,8861.22,UPI/x4kjad05jgbt@okhdfc/P2M/n4rhjqat@paytm/Amazon
05/01/2024,,3536.9,CR,12398.12,UPI/eodduqlakxed@oksbi
04/01/2024,,190.39,DR,12207.73,UPI/f2dbrawf0x6q@paytm/P2M/p3yt0wlb@oksbi/Chala
04/01/2024,,415.7,DR,11792.03,UPI/2lqrrjyj3q63@okhdfc/P2M/uvg6s2yu@ptbsi/Airtel
04/01/2024,,671.96,DR,11120.07,UPI/c8hi6cp77sfx@oksbi/P2M/6i98ldfu@oksbi/BigBazaar
04/01/2024,494724,1116.92,DR,10003.15,UPI/4q187rw5lxi7@paytm/P2M/4rrilkws@oksbi/AxisBank
04/01/2024,692499,181.94,DR,9821.21,UPI/xr2y02c3cxwy@ybl/P2M/249zl3nw@oksbi/BigBazaar
04/01/2024,,505.51,DR,9315.7,UPI/faycaimvkiyl@okhdfc/P2M/u3wwplrd@paytm/AxisBank
04/01/2024,,252.71,DR,9062.99,UPI/7jw3etxyappc@okhdfc/P2M/ezq4kcfy@oksbi/Flipkart
04/01/2024,,941.17,DR,8121.82,UPI/rvi24dr6h13k@oksbi/P2M/ey0w1z1q@paytm/AxisBank
04/01/2024,,922.64,DR,7199.18,UPI/httuf76dx1g4@axl/P2M/qx7nbzqd@ptbyl/Flipkart
04/01/2024,,322.79,DR,6876.39,UPI/vwvz6779izc9@axl/P2M/jnjxb8vo@oksbi/AxisBank
04/01/2024,781265,314.91,DR,6561.48,UPI/4qhf39fto3c2@axl/P2M/de8kspfv@paytm/Paytm
04/01/2024,,1119.78,CR,7681.26,UPI/vlkcbzq4ev1i@okaxis
04/01/2024,,498.11,DR,7183.15,UPI/m5uermusxjq2@okaxis/P2M/9dq7g3x6@oksbi/Paytm
03/01/2024,899220,4150.31,CR,11333.46,UPI/qqxtw0g86n3y@axl
03/01/2024,299036,284.93,DR,11048.53,UPI/ro0b8mc5suop@paytm/P2M/4p8qqzzo@ptbyl/VENNA
03/01/2024,,887.83,DR,10160.7,UPI/u2iwvjnqjx6s@oksbi/P2M/5wlz304s@oksbi/VENNA
03/01/2024,612994,64.75,DR,10095.95,UPI/imljb11n2jql@paytm/P2M/60p8xj4k@ptbsi/Airtel
03/01/2024,965331,1278.31,DR,8817.64,UPI/mhh6qbcpnrys@paytm/P2M/a0dt1m2y@ptbsi/Airtel
03/01/2024,,3557.23,CR,12374.87,UPI/3gsoq9vciaq5@okaxis
03/01/2024,743046,292.0,DR,12082.87,UPI/ge27fkl24bez@okaxis/P2M/um2djj2a@paytm/BigBazaar
03/01/2024,,652.93,DR,11429.94,UPI/hp01umiirtlz@okaxis/P2M/v5kjwfdx@ptbsi/AxisBank
03/01/2024,,1251.26,DR,10178.68,UPI/j8nb1wvqylnb@okhdfc/P2M/le9cwwi9@oksbi/VENNA
03/01/2024,,755.67,DR,9423.01,UPI/1gs5mhpgxn8g@axl/P2M/9zm3vye5@ptbyl/BigBazaar
03/01/2024,,311.35,DR,9111.66,UPI/31bu65zydubs@axl/P2M/zlhzl4jl@ptbyl/VENNA
03/01/2024,,558.22,DR,8553.44,UPI/0klkd1ykun50@paytm/P2M/9tidi8ml@ptbsi/Chala
03/01/2024,,1236.6,DR,7316.84,UPI/fytksd3loteh@paytm/P2M/8s0xn7ly@ptbsi/BigBazaar
02/01/2024,764127,1103.64,DR,6213.2,UPI/8aifwyszneju@oksbi/P2M/zi0bp83c@ptbsi/BigBazaar
02/01/2024,,743.82,DR,5469.38,UPI/6mfgk64gjmig@oksbi/P2M/e13zwwdm@ptbyl/AxisBank
02/01/2024,,634.19,CR,6103.57,UPI/9t0hptj6tpym@okhdfc
02/01/2024,,1094.36,CR,7197.93,UPI/6p8koe1unb6j@okaxis
02/01/2024,313590,886.51,DR,6311.42,UPI/n203nmhebj0x@okaxis/P2M/9sy6umbr@ptbsi/BigBazaar
02/01/2024,,937.92,DR,5373.5,UPI/651vh39r65m0@okaxis/P2M/ylm7bvth@paytm/AxisBank
02/01/2024,638682,163.09,DR,5210.41,UPI/2nztxlremgf7@paytm/P2M/s1bps5j2@ptbsi/Chala
02/01/2024,,715.66,DR,4494.75,UPI/1wvrlcige9kx@oksbi/P2M/xogin417@oksbi/BigBazaar
02/01/2024,,1063.57,DR,3431.18,UPI/urhna2wrc9eq@oksbi/P2M/iyrj4e1v@oksbi/Paytm
02/01/2024,,717.22,DR,2713.96,UPI/08rg7l72q2gj@paytm/P2M/f3544cdv@ptbsi/Airtel
02/01/2024,,845.55,DR,1868.41,UPI/2xhw0ftzrofs@oksbi/P2M/5ob2bsrd@ptbsi/Edara
02/01/2024,144919,912.47,CR,2780.88,UPI/t63jzjoitkk1@paytm
02/01/2024,,392.27,CR,3173.15,UPI/0wom5wno2zaj@ybl
01/01/2024,,1352.62,DR,1820.53,UPI/mnomqw4emfpu@okaxis/P2M/655x4q4r@ptbyl/Amazon
01/01/2024,925658,958.67,DR,861.86,UPI/zdbun0v91fjd@axl/P2M/7okdp4st@oksbi/AxisBank
01/01/2024,753166,737.46,DR,124.4,UPI/zphw1ksu6058@okaxis/P2M/earh37o0@paytm/AxisBank
31/12/2023,285802,3542.39,CR,3666.79,UPI/chn6vtas62m5@okaxis
31/12/2023,,1453.38,DR,2213.41,UPI/q7ibq7e50bdk@okhdfc/P2M/0pz2wxzu@oksbi/Amazon
31/12/2023,392041,1394.59,DR,818.82,UPI/7nmjd4zc2d65@okhdfc/P2M/2xk7az34@paytm/Airtel
30/12/2023,546094,1624.61,CR,2443.43,UPI/7dd156e9gv47@okaxis
30/12/2023,648828,227.97,DR,2215.46,UPI/a3811c3g7wqe@okhdfc/P2M/zq1ktaln@paytm/AxisBank
30/12/2023,,784.13,DR,1431.33,UPI/0m5z8tgh5h7b@ybl/P2M/ipa7up48@ptbyl/Amazon
30/12/2023,,796.13,CR,2227.46,UPI/xg1t48fwsl8b@paytm
30/12/2023,,590.8,DR,1636.66,UPI/ij254cj31zg7@okhdfc/P2M/5g9n75bd@oksbi/Airtel
30/12/2023,,1320.2,DR,316.46,UPI/qclfkg9b3h9m@ybl/P2M/i816lh85@ptbsi/Paytm
30/12/2023,732084,2087.6,CR,2404.06,UPI/y4ow131mgqkj@ybl
30/12/2023,,366.55,DR,2037.51,UPI/hxn1ala79ymo@paytm/P2M/o20b5tgv@ptbyl/Edara
30/12/2023,,332.27,DR,1705.24,UPI/76f1xczudeel@axl/P2M/nsiqt23b@paytm/Amazon
30/12/2023,770973,931.03,DR,774.21,UPI/jpy3hjj9f87i@oksbi/P2M/zdutqxt1@oksbi/Amazon
29/12/2023,819656,960.08,CR,1734.29,UPI/ens4e1cbem0s@oksbi
29/12/2023,380403,985.16,DR,749.13,UPI/kcajj2mszr82@okaxis/P2M/547dem42@ptbyl/VENNA
29/12/2023,,736.15,CR,1485.28,UPI/47mrhe0xa34u@okhdfc
29/12/2023,891685,872.53,DR,612.75,UPI/5ls3n3l7bw5y@paytm/P2M/bzbmfyfl@ptbyl/AxisBank
29/12/2023,629712,260.13,DR,352.62,UPI/fz9fsn2xlb5n@oksbi/P2M/w9kcawuy@ptbsi/AxisBank
29/12/2023,,128.21,DR,224.41,UPI/3aerwfor4q7p@paytm/P2M/crdxa3l0@ptbsi/BigBazaar
28/12/2023,,4400.58,CR,4624.99,UPI/2t9r9m24e56r@ybl
28/12/2023,,564.44,DR,4060.55,UPI/safn041egyep@ybl/P2M/g1ehmdo2@ptbsi/Edara
28/12/2023,,625.8,CR,4686.35,UPI/03bau3294stn@okaxis
28/12/2023,,1334.2,DR,3352.15,UPI/pvuj1ojgbbqd@axl/P2M/spyckk8p@paytm/Airtel
28/12/2023,,216.83,DR,3135.32,UPI/rggtmmjgkey0@ybl/P2M/bxuxunxk@ptbsi/Amazon
28/12/2023,,1415.09,DR,1720.23,UPI/40h2mgu11ftk@paytm/P2M/kym62hj0@ptbsi/Airtel
28/12/2023,,818.03,DR,902.2,UPI/qg3z0oxthbj6@okhdfc/P2M/9d37vs6y@oksbi/BigBazaar
28/12/2023,378877,86.67,DR,815.53,UPI/rtchupqn4n7r@axl/P2M/k6dqq5nw@ptbyl/BigBazaar
28/12/2023,,266.48,DR,549.05,UPI/pjau4vsabxqf@axl/P2M/950rrq2u@paytm/VENNA
27/12/2023,,1604.65,CR,2153.7,UPI/0vlw8ta148za@axl
27/12/2023,,562.05,DR,1591.65,UPI/ms3h50qrldxl@okhdfc/P2M/iwbhv4ld@oksbi/Chala
27/12/2023,310116,838.41,DR,753.24,UPI/moapty2xm5p6@okaxis/P2M/b4nplst1@oksbi/Amazon
27/12/2023,373178,271.72,DR,481.52,UPI/q6q5hmgah780@okhdfc/P2M/yqoa3nmk@ptbyl/Flipkart
27/12/2023,,1705.6,CR,2187.12,UPI/8xhtrx10p7xi@okaxis
27/12/2023,,40.87,DR,2146.25,UPI/0jyf6p965g6b@axl/P2M/vl6i9r1x@oksbi/BigBazaar
27/12/2023,,1254.25,DR,892.0,UPI/of9lr9bli6zh@okhdfc/P2M/3vta4m3j@ptbyl/Airtel
27/12/2023,567621,144.74,DR,747.26,UPI/pafmiy27qewn@okaxis/P2M/0k9h3e1w@paytm/Flipkart
27/12/2023,,327.16,DR,420.1,UPI/tl26tup09jnj@okaxis/P2M/tgdgituo@oksbi/VENNA
26/12/2023,,1848.81,CR,2268.91,UPI/mueeolgotas9@axl
26/12/2023,,337.79,DR,1931.12,UPI/7bclptx00nr3@okaxis/P2M/znsu4ykn@ptbyl/VENNA
26/12/2023,,844.75,DR,1086.37,UPI/bs1khkg91bag@okaxis/P2M/q5b43lad@ptbsi/Amazon
26/12/2023,,243.91,DR,842.46,UPI/scubmnvevd2y@paytm/P2M/19249r84@oksbi/Amazon
26/12/2023,,420.68,DR,421.78,UPI/x00go3xq8u9w@oksbi/P2M/e46k2ew4@ptbyl/Flipkart
26/12/2023,,4442.99,CR,4864.77,UPI/eeagfy9dkdb5@okaxis
26/12/2023,,396.97,DR,4467.8,UPI/th2yncj8twvk@okaxis/P2M/2ys3dcge@oksbi/Edara
26/12/2023,277674,330.53,DR,4137.27,UPI/eznz003102vt@ybl/P2M/mfm40nz3@paytm/AxisBank
26/12/2023,,1492.84,DR,2644.43,UPI/jr14b4mbwxu3@okaxis/P2M/do25uc74@paytm/Paytm
25/12/2023,582091,175.39,DR,2469.04,UPI/tc0a6f95q12b@paytm/P2M/hoybghrx@oksbi/Airtel
25/12/2023,524676,127.24,DR,2341.8,UPI/q9e1dlfd4d52@ybl/P2M/76kvfng2@oksbi/Chala
25/12/2023,,1267.38,DR,1074.42,UPI/nrevovomo5tg@okaxis/P2M/6ytntflf@ptbyl/Edara
25/12/2023,985751,590.0,DR,484.42,UPI/yrge889ql9wo@axl/P2M/t1wenhui@ptbsi/VENNA
25/12/2023,417316,278.47,DR,205.95,UPI/s8bg44hptskb@axl/P2M/h3dpf65r@ptbsi/Flipkart
24/12/2023,,195.47,DR,10.48,UPI/cgpevv2tpvoi@oksbi/P2M/ivxqzd3j@paytm/Amazon
24/12/2023,964539,2043.14,CR,2053.62,UPI/2axzyqe5ono3@okaxis
24/12/2023,863818,1166.23,DR,887.39,UPI/o8tdymbh3pdy@okaxis/P2M/02uwg2hz@oksbi/Edara
24/12/2023,,468.7,DR,418.69,UPI/9q3c06yyznai@axl/P2M/5v1o7o1r@ptbsi/Amazon
24/12/2023,190581,351.32,DR,67.37,UPI/3ztjqbje2nqr@oksbi/P2M/51a6rvik@ptbyl/Chala
22/12/2023,,529.84,CR,597.21,UPI/whwredvbjumn@okaxis
22/12/2023,,578.04,DR,19.17,UPI/9fl7ynnhgccn@oksbi/P2M/7uj0wp0a@oksbi/AxisBank
22/12/2023,,4880.37,CR,4899.54,UPI/wucf100sf88g@okhdfc
22/12/2023,393142,1392.1,DR,3507.44,UPI/6oee5vkce5vx@okhdfc/P2M/c3jg2wz6@ptbyl/Edara
22/12/2023,,292.9,DR,3214.54,UPI/ny27koqf8s9h@okhdfc/P2M/pwev89ar@paytm/Airtel
22/12/2023,835925,276.25,DR,2938.29,UPI/9sc6v4syleg4@oksbi/P2M/sx2gmo3k@oksbi/Amazon
22/12/2023,241922,1005.66,CR,3943.95,UPI/fmj0v74shl1j@oksbi
22/12/2023,,954.96,DR,2988.99,UPI/7a0tr95hu0t6@axl/P2M/xrtpwm9j@ptbyl/Amazon
22/12/2023,897290,631.28,DR,2357.71,UPI/fvtws23l2ovd@axl/P2M/649jkhoy@paytm/Amazon
22/12/2023,,295.32,DR,2062.39,UPI/uzo7br38syn9@oksbi/P2M/pllwvuwj@oksbi/Edara
22/12/2023,,2101.46,CR,4163.85,UPI/wdlonbydl54c@paytm
21/12/2023,,96.62,DR,4067.23,UPI/1dekhlz9sx4p@okaxis/P2M/9bpew76e@ptbsi/BigBazaar
21/12/2023,814565,384.89,DR,3682.34,UPI/5ejvbsd3bc16@axl/P2M/7e8lfd4b@ptbsi/Flipkart
21/12/2023,,3974.0,CR,7656.34,UPI/dwrhgllg927f@okaxis
21/12/2023,,3719.92,CR,11376.26,UPI/k2v0tfx1vab0@okaxis
21/12/2023,239941,119.88,DR,11256.38,UPI/ybqthp1gw7nd@paytm/P2M/7mba04tq@ptbyl/Airtel
21/12/2023,,1350.96,DR,9905.42,UPI/5nf762o95h84@oksbi/P2M/vvejj2lg@paytm/Edara
21/12/2023,,230.96,DR,9674.46,UPI/zepgke7dnbpx@oksbi/P2M/xjwmq4j5@oksbi/BigBazaar
21/12/2023,,816.97,DR,8857.49,UPI/gpcvcsplqyqy@okhdfc/P2M/la3jf4z7@ptbyl/Chala
21/12/2023,231450,1310.66,DR,7546.83,UPI/flqt44t40hvt@oksbi/P2M/28ezwrfo@oksbi/Airtel
21/12/2023,,1023.75,DR,6523.08,UPI/m0x1yqief486@ybl/P2M/q3ngasd1@oksbi/Paytm
21/12/2023,,766.55,DR,5756.53,UPI/482ivfpsof1m@axl/P2M/nusoye5y@oksbi/BigBazaar
21/12/2023,694182,432.8,DR,5323.73,UPI/cd59v199stx5@ybl/P2M/20sxf6n1@ptbyl/VENNA
20/12/2023,,710.16,DR,4613.57,UPI/pqbxn9igr4nv@ybl/P2M/ehuc0755@ptbsi/Flipkart
20/12/2023,269600,870.83,DR,3742.74,UPI/2un5gs88xam4@oksbi/P2M/193ibd9b@paytm/Amazon
20/12/2023,,889.0,DR,2853.74,UPI/g0nsefqlsvtf@axl/P2M/5apke8bm@ptbyl/AxisBank
20/12/2023,809995,874.56,DR,1979.18,UPI/vu7jfk79p461@oksbi/P2M/6ka2deab@ptbsi/Edara
20/12/2023,508069,1109.4,DR,869.78,UPI/t97q1zsp1s97@axl/P2M/n0omrqf8@oksbi/BigBazaar
20/12/2023,,222.24,DR,647.54,UPI/nqkarsuntktt@paytm/P2M/98mzu91k@ptbyl/Flipkart
20/12/2023,754613,92.89,DR,554.65,UPI/700l8pw1g0d0@oksbi/P2M/453u9umd@paytm/Edara
19/12/2023,,3579.84,CR,4134.49,UPI/djkkjsd68btf@paytm
19/12/2023,,4890.07,CR,9024.56,UPI/dtz7izgblthj@axl
19/12/2023,,380.86,CR,9405.42,UPI/5yvsw4y67190@ybl
19/12/2023,,1034.32,DR,8371.1,UPI/wdbcz226le2e@axl/P2M/ok9o1wo5@paytm/BigBazaar
19/12/2023,,792.93,DR,7578.17,UPI/7ov4qu8qm27r@ybl/P2M/5zmdtafp@ptbsi/AxisBank
19/12/2023,694429,86.3,DR,7491.87,UPI/kyoo1fclec4v@oksbi/P2M/sq5vkf9z@paytm/Flipkart
19/12/2023,348768,1604.43,CR,9096.3,UPI/cb9jm8981pgs@ybl
19/12/2023,793946,980.01,DR,8116.29,UPI/1z77urwidnam@ybl/P2M/khu7g9e7@oksbi/VENNA
19/12/2023,,1156.49,DR,6959.8,UPI/fjc5pkkc2k1p@okaxis/P2M/dn9q3rx1@ptbyl/AxisBank
19/12/2023,,134.52,DR,6825.28,UPI/0cbhctkdsegw@okaxis/P2M/ke6y5t4f@oksbi/AxisBank
19/12/2023,,268.43,DR,6556.85,UPI/bknzx6dloq9y@axl/P2M/4qdpt7uv@oksbi/Airtel
19/12/2023,,1334.84,DR,5222.01,UPI/v0xo3fjc6plk@axl/P2M/4kk7jn9n@paytm/VENNA
18/12/2023,,360.17,DR,4861.84,UPI/vl0y7gojeeu5@oksbi/P2M/lat5lq4g@oksbi/Amazon
18/12/2023,439067,1250.66,DR,3611.18,UPI/o23fk1g4ogz9@oksbi/P2M/1e78bj7k@paytm/Amazon
18/12/2023,659358,1355.52,DR,2255.66,UPI/hms88iu6xlm3@okhdfc/P2M/vkpu6wm5@ptbyl/Edara
18/12/2023,,523.52,DR,1732.14,UPI/dtpstd8i7ike@paytm/P2M/b5d5q9x2@paytm/Flipkart
18/12/2023,920458,565.79,DR,1166.35,UPI/rqkbldy4xg07@okaxis/P2M/8a7u31pr@oksbi/Paytm
18/12/2023,662051,3633.97,CR,4800.32,UPI/72l029wewe2q@ybl
18/12/2023,,1255.81,DR,3544.51,UPI/som1cykh43az@okaxis/P2M/izg6jb7m@ptbyl/Chala
18/12/2023,505329,1188.38,DR,2356.13,UPI/bm479jgm1oxv@paytm/P2M/ftd4q986@ptbsi/Edara
18/12/2023,815119,453.93,DR,1902.2,UPI/n33k5w8rpfic@okaxis/P2M/2jf0nf4r@oksbi/AxisBank
18/12/2023,,1279.83,DR,622.37,UPI/txs64dl3czti@ybl/P2M/d5og8aua@paytm/VENNA
18/12/2023,,13.61,DR,608.76,UPI/shkvukzv913l@okaxis/P2M/ync2vqfx@oksbi/Amazon
17/12/2023,,638.43,CR,1247.19,UPI/40no6hjj5k7t@paytm
17/12/2023,774036,218.61,DR,1028.58,UPI/9k4b72m8k78u@paytm/P2M/5esyz0rh@ptbyl/Airtel
17/12/2023,,982.73,DR,45.85,UPI/s8otby7jvxq4@ybl/P2M/aiajwksw@ptbsi/Paytm
17/12/2023,903851,2909.39,CR,2955.24,UPI/61fxk67tn3nv@okaxis
17/12/2023,,373.36,DR,2581.88,UPI/1q573yxfb01n@ybl/P2M/87ju34x7@ptbyl/Airtel
17/12/2023,,425.08,DR,2156.8,UPI/gd6df9pi1iow@ybl/P2M/vvqgshu8@ptbsi/VENNA
16/12/2023,,16.14,DR,2140.66,UPI/5l0yrxfqkjsa@axl/P2M/uqz8ih53@paytm/BigBazaar
16/12/2023,,1175.48,DR,965.18,UPI/2fu4hwwyes2h@okaxis/P2M/zwyg6sz0@ptbyl/Airtel
16/12/2023,,2185.96,CR,3151.14,UPI/tfx3fslnm4h3@ybl
16/12/2023,,923.84,DR,2227.3,UPI/i5u9cdwasmxz@okhdfc/P2M/id9fa0uv@oksbi/AxisBank
16/12/2023,,255.81,DR,1971.49,UPI/97ypkl65g8pw@axl/P2M/yrgwfl40@ptbsi/BigBazaar
16/12/2023,,734.79,CR,2706.28,UPI/qay6qx3xgq7z@okhdfc
16/12/2023,,2419.26,CR,5125.54,UPI/wsawoh8v3a9z@axl
16/12/2023,,426.33,DR,4699.21,UPI/0hvwj0mlrcnu@oksbi/P2M/sye5urff@ptbsi/Edara
16/12/2023,,277.74,DR,4421.47,UPI/sy5d704x755n@paytm/P2M/nzd1run6@ptbyl/Paytm
16/12/2023,,1168.62,DR,3252.85,UPI/nejqjqmivy0v@axl/P2M/ncvo3kp9@ptbsi/Flipkart
16/12/2023,540146,1214.55,DR,2038.3,UPI/cg7dn187jrv0@okaxis/P2M/qcmybn0v@paytm/Chala
16/12/2023,128878,142.65,DR,1895.65,UPI/gfx2m23pev04@okaxis/P2M/39v2ckjb@ptbyl/VENNA
15/12/2023,,797.65,DR,1098.0,UPI/va2jcwhniptx@okhdfc/P2M/cydoikvp@ptbsi/VENNA
15/12/2023,,4101.96,CR,5199.96,UPI/xgow6umbn49j@oksbi
15/12/2023,,252.42,DR,4947.54,UPI/2nqbpep24q3c@okaxis/P2M/xtezg76j@oksbi/Edara
15/12/2023,,618.85,DR,4328.69,UPI/j281n5hbcayz@ybl/P2M/dugy04rx@oksbi/AxisBank
15/12/2023,,205.67,DR,4123.02,UPI/ppzcuu30ulnq@ybl/P2M/26btyces@ptbsi/Airtel
15/12/2023,,155.3,DR,3967.72,UPI/xulqcaexuu8v@paytm/P2M/j4i0zpmm@ptbsi/BigBazaar
15/12/2023,,2711.91,CR,6679.63,UPI/vh5fam4babei@okaxis
15/12/2023,300475,3512.41,CR,10192.04,UPI/gssmfy0df7lr@axl
15/12/2023,,682.29,DR,9509.75,UPI/rgjqwhxsin46@ybl/P2M/keh9ljw1@paytm/BigBazaar
15/12/2023,,1181.86,DR,8327.89,UPI/h342lgr66xmu@ybl/P2M/ort156g8@paytm/Airtel
15/12/2023,,1366.91,DR,6960.98,UPI/9oiagic36qrn@oksbi/P2M/oudzsfo3@ptbsi/Paytm
15/12/2023,,1389.75,DR,5571.23,UPI/n1fvk2y6ija8@axl/P2M/suasf39b@paytm/Edara
14/12/2023,,1417.86,DR,4153.37,UPI/9mvrh5b0pm66@okhdfc/P2M/xiy09o5y@ptbsi/Amazon
14/12/2023,373553,573.71,DR,3579.66,UPI/fpg3z5bq9lko@oksbi/P2M/x810h4d8@paytm/AxisBank
14/12/2023,,504.32,DR,3075.34,UPI/1n1f2fwzwbm5@paytm/P2M/ofwp1kbl@ptbyl/AxisBank
14/12/2023,,606.74,DR,2468.6,UPI/1cc3ffer0dxd@ybl/P2M/h6wcjpzr@ptbsi/Edara
14/12/2023,982602,243.64,DR,2224.96,UPI/cnl28ushrqtg@oksbi/P2M/zjjbes14@paytm/Airtel
14/12/2023,745737,2646.3,CR,4871.26,UPI/bg3rtvgb129z@ybl
14/12/2023,,1098.74,DR,3772.52,UPI/gjiqcwhatcaz@okaxis/P2M/nxutcrls@paytm/AxisBank
14/12/2023,,1424.17,DR,2348.35,UPI/1u3xviph5798@paytm/P2M/uakttgsc@oksbi/Paytm
14/12/2023,,1369.55,DR,978.8,UPI/yy4bxotylvcq@paytm/P2M/lk7jiw5y@oksbi/Flipkart
14/12/2023,742968,746.62,DR,232.18,UPI/pfm69fb288br@okaxis/P2M/11qt4arp@paytm/VENNA
13/12/2023,,35.77,DR,196.41,UPI/znktp8f80124@oksbi/P2M/5f9f68l7@ptbsi/Chala
13/12/2023,382260,2859.08,CR,3055.49,UPI/9kh97w95iuf2@oksbi
13/12/2023,346460,333.82,DR,2721.67,UPI/nprg365qs35v@axl/P2M/lwgewd61@ptbsi/Amazon
13/12/2023,553983,4822.55,CR,7544.22,UPI/q2m0jnuqjrh0@okaxis
13/12/2023,,1419.22,DR,6125.0,UPI/xymnbr87ihfq@paytm/P2M/04slof6g@ptbyl/Paytm
13/12/2023,,95.56,DR,6029.44,UPI/o2jaupo011k9@paytm/P2M/nv2y0v7t@oksbi/Airtel
13/12/2023,,572.32,DR,5457.12,UPI/ur4g3rm4tpq9@ybl/P2M/10yitahb@ptbyl/VENNA
13/12/2023,,235.41,DR,5221.71,UPI/us26twp2xwp9@paytm/P2M/m8mh52iu@ptbsi/VENNA
12/12/2023,,927.33,DR,4294.38,UPI/we6o9semawht@axl/P2M/4pfp1fcr@oksbi/Edara
12/12/2023,,632.86,DR,3661.52,UPI/tytk9c2y47h0@okaxis/P2M/67ssq3ud@ptbsi/AxisBank
12/12/2023,591063,1274.49,DR,2387.03,UPI/wgdirchk4umg@oksbi/P2M/1yl59kph@paytm/VENNA
12/12/2023,,594.2,DR,1792.83,UPI/8u5vykaub221@okhdfc/P2M/rxgu8rh1@ptbyl/Edara
12/12/2023,565630,3408.66,CR,5201.49,UPI/opelhhjwh7b3@ybl
12/12/2023,,1063.76,DR,4137.73,UPI/l76usowgz7j1@okhdfc/P2M/yjjuwpmr@oksbi/Paytm
12/12/2023,326708,380.75,DR,3756.98,UPI/lf0udiwix3tz@ybl/P2M/um9jt5nb@oksbi/Paytm
12/12/2023,828166,1166.14,DR,2590.84,UPI/ydb2fca49lni@axl/P2M/ez4s0o0n@oksbi/Chala
12/12/2023,647932,750.51,DR,1840.33,UPI/4v5hsat57ift@ybl/P2M/ssakwtdd@oksbi/Flipkart
12/12/2023,,946.02,DR,894.31,UPI/frp5jld4xtl3@paytm/P2M/2ejrzyqv@ptbyl/AxisBank
12/12/2023,,148.29,DR,746.02,UPI/hc59m6icpf74@okhdfc/P2M/ffnslu6d@oksbi/Chala
11/12/2023,,480.02,DR,266.0,UPI/7d927twyr686@paytm/P2M/2oxexxqi@ptbyl/Edara
11/12/2023,782335,3361.44,CR,3627.44,UPI/i88efqxyvbkh@oksbi
11/12/2023,,114.7,DR,3512.74,UPI/pouuv39wc97p@axl/P2M/qr27wsh3@ptbsi/AxisBank
11/12/2023,473703,4566.66,CR,8079.4,UPI/6nc02neqsu7s@axl
11/12/2023,,873.04,DR,7206.36,UPI/fcnmlmgl8811@axl/P2M/04a1cjlw@oksbi/Chala
10/12/2023,,1161.38,DR,6044.98,UPI/yov67rjdpkim@ybl/P2M/jdnfa2my@oksbi/Edara
10/12/2023,,1236.59,CR,7281.57,UPI/eiynbosq88xd@okhdfc
10/12/2023,819864,709.44,DR,6572.13,UPI/8fo4pf1w9m18@okaxis/P2M/9wgv56j0@ptbyl/AxisBank
10/12/2023,,2213.12,CR,8785.25,UPI/j0rd148qn0by@paytm
10/12/2023,,405.41,DR,8379.84,UPI/m9lbxhnk4l75@oksbi/P2M/y7v6j0xn@ptbyl/Paytm
10/12/2023,,1859.32,CR,10239.16,UPI/unyfpwrk7xv8@okaxis
10/12/2023,,134.06,DR,10105.1,UPI/lgnf036gsw4v@oksbi/P2M/40xf6cry@oksbi/Airtel
10/12/2023,,590.13,DR,9514.97,UPI/u7a9f8me2247@oksbi/P2M/82umv8ug@ptbsi/Flipkart
10/12/2023,286461,321.09,DR,9193.88,UPI/27ggmbdt20x2@paytm/P2M/3udmoef7@oksbi/Edara
10/12/2023,,470.79,DR,8723.09,UPI/gpfokbze7jpe@okaxis/P2M/pv0grkka@ptbsi/VENNA
10/12/2023,,4781.86,CR,13504.95,UPI/s470ty0ie51v@ybl
10/12/2023,,551.78,DR,12953.17,UPI/r7q0wjfu8343@okhdfc/P2M/4pr3ww50@paytm/Airtel
09/12/2023,245091,962.02,DR,11991.15,UPI/6vh1fiu7w5c8@paytm/P2M/1yr04vqh@paytm/Flipkart
09/12/2023,,35.14,DR,11956.01,UPI/6w4r64300lau@okaxis/P2M/5wobkbuz@paytm/VENNA
09/12/2023,505044,1177.76,DR,10778.25,UPI/9hls2b2hmw7f@paytm/P2M/31kuwnnz@paytm/Edara
09/12/2023,366962,2756.89,CR,13535.14,UPI/i26w66as48eo@axl
09/12/2023,,601.67,DR,12933.47,UPI/eqd1m5vgscba@paytm/P2M/f9748iri@ptbyl/AxisBank
09/12/2023,,1433.16,DR,11500.31,UPI/pj8usw84etjc@ybl/P2M/an5yg3v9@ptbsi/Chala
09/12/2023,,1190.49,DR,10309.82,UPI/ire0vqw85udm@paytm/P2M/g9cghk72@oksbi/VENNA
09/12/2023,,283.71,DR,10026.11,UPI/az89bu6wj100@okaxis/P2M/ov5m5cmk@ptbsi/AxisBank
09/12/2023,965542,808.47,DR,9217.64,UPI/1z9urpfeqdg8@oksbi/P2M/i7zew1ze@paytm/Chala
09/12/2023,,727.23,DR,8490.41,UPI/q4z9crgggwld@okhdfc/P2M/3kb3sxjz@oksbi/Flipkart
09/12/2023,220646,724.38,DR,7766.03,UPI/5px0iybhi1ue@paytm/P2M/7a2335my@ptbsi/Edara
09/12/2023,793818,1263.18,DR,6502.85,UPI/oarvy52fs8b3@oksbi/P2M/8jgjzlnp@oksbi/Edara
08/12/2023,565979,397.64,DR,6105.21,UPI/a1tkow6owuxb@ybl/P2M/i0lhe8n5@paytm/VENNA
08/12/2023,,1332.97,DR,4772.24,UPI/vzrp71mr8wxc@okhdfc/P2M/74o3ett2@paytm/VENNA
08/12/2023,115027,479.59,DR,4292.65,UPI/5ycxerewufyx@okhdfc/P2M/64v1rm8t@ptbsi/BigBazaar
08/12/2023,,656.57,DR,3636.08,UPI/ujo4g065tv97@okhdfc/P2M/pu1oodxv@ptbsi/VENNA
08/12/2023,,4607.34,CR,8243.42,UPI/lrojo2e4q80z@okaxis
08/12/2023,687393,1326.74,DR,6916.68,UPI/7j3an2lmt457@okaxis/P2M/a9hg4w6v@paytm/Amazon
08/12/2023,,175.37,DR,6741.31,UPI/x2o7cogppx7y@axl/P2M/funem2m8@ptbsi/Amazon
08/12/2023,175910,90.02,DR,6651.29,UPI/g9cyawr2ewgy@ybl/P2M/wsd4xat6@ptbyl/Amazon
08/12/2023,,333.84,DR,6317.45,UPI/0cyawdequvsy@paytm/P2M/zpf24w28@paytm/BigBazaar
08/12/2023,583624,207.18,DR,6110.27,UPI/utktm32ef5z9@ybl/P2M/ilqq8ed1@ptbyl/AxisBank
08/12/2023,386515,3080.93,CR,9191.2,UPI/6x2e0k2ow26n@paytm
08/12/2023,,1039.06,DR,8152.14,UPI/6ullf78tb8rl@oksbi/P2M/3a39eylc@paytm/VENNA
07/12/2023,,1384.54,DR,6767.6,UPI/3mfqon5t58o3@paytm/P2M/u8jb8fwl@oksbi/Paytm
07/12/2023,,760.82,DR,6006.78,UPI/m55u9w3lpqcy@oksbi/P2M/uz5mpf2e@paytm/BigBazaar
07/12/2023,455693,1045.92,DR,4960.86,UPI/siqdhm7h0bg1@okhdfc/P2M/ay1atqhj@ptbsi/VENNA
07/12/2023,,76.65,DR,4884.21,UPI/gx1y5zngdqf3@oksbi/P2M/q3kxlmu9@ptbyl/Edara
07/12/2023,,1234.23,DR,3649.98,UPI/ytpb1s067lrn@paytm/P2M/ovjapg0s@ptbyl/Airtel
07/12/2023,536589,78.36,DR,3571.62,UPI/eahf5ulp61tb@okaxis/P2M/clwpd5n8@paytm/Flipkart
07/12/2023,987190,242.44,DR,3329.18,UPI/g9nosbipn8xz@oksbi/P2M/zjx68row@paytm/Flipkart
07/12/2023,971280,903.3,DR,2425.88,UPI/kfaztrgqb1tp@ybl/P2M/ve94gaw4@ptbyl/AxisBank
07/12/2023,482046,1210.27,DR,1215.61,UPI/2tofaqxfs8zu@axl/P2M/tzmypqzr@ptbsi/Amazon
07/12/2023,,247.88,DR,967.73,UPI/27jiios86qrl@ybl/P2M/hutixhn3@ptbsi/Flipkart
07/12/2023,,905.75,DR,61.98,UPI/nfj69hspe2o8@axl/P2M/236si7sm@ptbyl/Amazon
06/12/2023,884258,57.58,DR,4.4,UPI/avowsbj9dyg2@axl/P2M/gi7ihwfz@ptbyl/AxisBank
06/12/2023,,1283.65,CR,1288.05,UPI/lll6tgtkkn72@paytm
06/12/2023,,941.18,DR,346.87,UPI/1osx8m22jl1y@paytm/P2M/vzmbc5lq@oksbi/Airtel
06/12/2023,,3461.9,CR,3808.77,UPI/n6hr7bj4b5zq@axl
05/12/2023,,2190.52,CR,5999.29,UPI/nggazs00tqqo@okaxis
05/12/2023,,167.66,DR,5831.63,UPI/jy8kam095v6t@paytm/P2M/haqarbf9@oksbi/VENNA
05/12/2023,,365.72,DR,5465.91,UPI/fo3r6qyebfny@oksbi/P2M/rv2ly12z@ptbyl/Amazon
05/12/2023,,892.12,DR,4573.79,UPI/vdc5851l11d7@paytm/P2M/iapillh4@ptbsi/AxisBank
05/12/2023,386948,825.73,DR,3748.06,UPI/1mkfq50j028n@oksbi/P2M/5vaatv5a@ptbyl/Edara
05/12/2023,,365.92,DR,3382.14,UPI/wm4kurkirwjn@okhdfc/P2M/por9ipj2@ptbyl/VENNA
05/12/2023,322932,1486.68,DR,1895.46,UPI/7a7vzsfpfoc3@okhdfc/P2M/gtpmc1ga@ptbsi/Paytm
05/12/2023,893389,250.6,CR,2146.06,UPI/fehpyjvcs6fl@oksbi
05/12/2023,277523,756.73,DR,1389.33,UPI/00rx5ql5sydk@okaxis/P2M/u19y70s5@paytm/Paytm
05/12/2023,330459,10.0,DR,1379.33,UPI/bdoevttzdynd@axl/P2M/5pma8tro@ptbsi/BigBazaar
05/12/2023,639876,114.36,DR,1264.97,UPI/li6puujor3w0@axl/P2M/4kfkh410@paytm/Amazon
05/12/2023,,1019.96,DR,245.01,UPI/a1x2r8ssvegq@ybl/P2M/9nuelx0m@ptbsi/Airtel
04/12/2023,401997,181.27,DR,63.74,UPI/k1kt5gl4wnek@axl/P2M/oh88d2l5@ptbyl/Paytm
04/12/2023,322630,2586.26,CR,2650.0,UPI/ea3adxv9q384@okhdfc
04/12/2023,439398,3739.38,CR,6389.38,UPI/u442it2cytxm@paytm
04/12/2023,,3581.91,CR,9971.29,UPI/qj1z6q2mgzfp@axl
04/12/2023,,1258.87,DR,8712.42,UPI/tibbdoila8rb@paytm/P2M/k7blcmen@ptbsi/Paytm
04/12/2023,788555,2928.21,CR,11640.63,UPI/ewcuchjxeq0e@ybl
04/12/2023,460802,1482.61,DR,10158.02,UPI/b0kkrq19dgy4@paytm/P2M/3q3q8txs@oksbi/Airtel
04/12/2023,,273.01,DR,9885.01,UPI/wxe8s6kcf5fc@okaxis/P2M/o2rgvypy@oksbi/AxisBank
04/12/2023,,539.18,DR,9345.83,UPI/7p7h4o907mof@paytm/P2M/blgwvyhb@ptbsi/Amazon
03/12/2023,,516.56,DR,8829.27,UPI/zkhruf4mllkr@okaxis/P2M/2ng46xed@paytm/Chala
03/12/2023,795300,674.81,DR,8154.46,UPI/oob33m7gddyw@okhdfc/P2M/1xuoj2y9@paytm/AxisBank
03/12/2023,,401.79,DR,7752.67,UPI/4jv0rle3lm4k@axl/P2M/tfwx8utz@ptbsi/Amazon
03/12/2023,,1085.25,DR,6667.42,UPI/tbucdz9vfbpd@paytm/P2M/xtxqgv1m@oksbi/Amazon
03/12/2023,,2178.88,CR,8846.3,UPI/me8x3ggh2w65@paytm
03/12/2023,,815.65,DR,8030.65,UPI/ya2zcdc0ules@axl/P2M/rr8i202x@oksbi/Paytm
03/12/2023,,252.42,DR,7778.23,UPI/6x2n9yijgiwp@oksbi/P2M/7snpsuud@ptbsi/Chala
03/12/2023,543027,615.22,DR,7163.01,UPI/nixvj6c6xn7b@okhdfc/P2M/817d42bt@oksbi/BigBazaar
03/12/2023,638094,561.43,DR,6601.58,UPI/sdmv1e9ha3bt@paytm/P2M/zxavzuie@ptbyl/Paytm
03/12/2023,799496,854.5,DR,5747.08,UPI/vygzrc8sxkon@paytm/P2M/r1sbrlas@ptbyl/Flipkart
03/12/2023,,1034.26,DR,4712.82,UPI/por1we3ks5eg@okhdfc/P2M/0qtaeq16@paytm/AxisBank
03/12/2023,342244,1217.21,CR,5930.03,UPI/5vkd3dqifmfj@okhdfc
02/12/2023,,1650.25,CR,7580.28,UPI/m69yl1em87vj@axl
02/12/2023,,1035.7,DR,6544.58,UPI/xn11devzxz84@okaxis/P2M/fz9v78bk@oksbi/VENNA
02/12/2023,,1407.14,DR,5137.44,UPI/c8ty2zttqezv@okhdfc/P2M/ch681l35@oksbi/Paytm
02/12/2023,,659.78,DR,4477.66,UPI/ak7kwif49iht@axl/P2M/qjqh44j6@ptbsi/VENNA
02/12/2023,,184.54,DR,4293.12,UPI/1g4evf76eqwa@paytm/P2M/x4nfdw40@ptbyl/Edara
02/12/2023,195524,138.0,CR,4431.12,UPI/8gowvu4a8b56@okhdfc
02/12/2023,,148.25,DR,4282.87,UPI/og87nlsgyp7m@axl/P2M/iqoebzs4@ptbyl/Edara
02/12/2023,900422,2756.2,CR,7039.07,UPI/9nx2lczx9rvb@axl
02/12/2023,,3326.04,CR,10365.11,UPI/p72wmv8bp48f@oksbi
02/12/2023,292811,707.02,DR,9658.09,UPI/eah9zxe03weq@ybl/P2M/zk13vvza@oksbi/AxisBank
02/12/2023,887219,522.37,DR,9135.72,UPI/19pcdtxaivba@okaxis/P2M/of966mek@paytm/Chala
02/12/2023,687907,1210.49,CR,10346.21,UPI/weu028hljgox@okaxis
01/12/2023,,1032.97,DR,9313.24,UPI/o25uihssm549@okhdfc/P2M/ydxyzkt3@oksbi/Edara
01/12/2023,726917,336.86,DR,8976.38,UPI/ilbla3c5f2yo@okaxis/P2M/jg62mr1d@ptbyl/Edara
01/12/2023,,1209.85,DR,7766.53,UPI/h17jly1dlkog@oksbi/P2M/kewqqyqe@ptbsi/Amazon
01/12/2023,,914.76,CR,8681.29,UPI/7yshc7na9zy8@axl
01/12/2023,781989,298.74,DR,8382.55,UPI/6zxfea9t4ct1@axl/P2M/xfx5xdac@oksbi/Paytm
01/12/2023,761310,1246.75,DR,7135.8,UPI/c872nep9bnsh@okhdfc/P2M/8nbm45rw@ptbsi/Paytm
01/12/2023,,1456.72,CR,8592.52,UPI/fnez6c4eoo4m@oksbi
01/12/2023,999488,3501.99,CR,12094.51,UPI/nh30nx8txp48@paytm
01/12/2023,376092,1427.94,DR,10666.57,UPI/gavciaakjvhy@oksbi/P2M/8h0z5q4e@paytm/AxisBank
01/12/2023,,212.49,CR,10879.06,UPI/a60peif5nef2@okaxis
01/12/2023,,720.71,DR,10158.35,UPI/mds1pu94hotq@axl/P2M/3jiogoru@ptbyl/AxisBank
01/12/2023,,33.59,DR,10124.76,UPI/j6cqwd4bbjs9@okhdfc/P2M/miiu6esb@oksbi/VENNA
