Date,Instrument ID,Amount,Type,Balance,Remarks
30/04/2024,,276.16,DR,528.96,UPI/7uquikahqg8l@oksbi/P2M/03z4c7sj@oksbi/Amazon
30/04/2024,,52.55,DR,476.41,UPI/jzj379ztc9ul@paytm/P2M/rto5la7c@ptbsi/Airtel
30/04/2024,,91.14,DR,385.27,UPI/evi94qqqpt8o@okaxis/P2M/6rt1dvt5@paytm/Edara
30/04/2024,,44.9,DR,340.37,UPI/r7nmy6413pzc@ybl/P2M/qssw36xj@ptbsi/Airtel
30/04/2024,661439,40.31,DR,300.06,UPI/grvylhbond0m@paytm/P2M/aqyv2373@paytm/AxisBank
29/04/2024,,147.75,DR,152.31,UPI/c9dril84rf41@paytm/P2M/fd9qi1o0@paytm/Chala
29/04/2024,,126.63,DR,25.68,UPI/qq1y6qadydoj@okhdfc/P2M/tzscsyac@paytm/Paytm
29/04/2024,,1116.99,CR,1142.67,UPI/i2d74x1nno4e@okhdfc
29/04/2024,,4140.21,CR,5282.88,UPI/714yup64xin2@oksbi
29/04/2024,281102,660.14,DR,4622.74,UPI/7mxcp9lnazka@paytm/P2M/3e03whyq@ptbsi/VENNA
29/04/2024,,951.44,DR,3671.3,UPI/ns9kbdmc5y4n@ybl/P2M/8b2ibs7u@paytm/Edara
29/04/2024,563314,602.29,DR,3069.01,UPI/lnj8qxxuml4q@ybl/P2M/1g0hj1e0@ptbsi/VENNA
29/04/2024,279930,323.51,DR,2745.5,UPI/heg18h8aeuqm@ybl/P2M/nakijoi9@ptbsi/Paytm
28/04/2024,,4964.89,CR,7710.39,UPI/pyfxulih2qdt@okaxis
28/04/2024,,1255.42,DR,6454.97,UPI/re444i5a8wlr@paytm/P2M/m7tj9yoy@paytm/Chala
28/04/2024,,670.66,DR,5784.31,UPI/78t08r2de0pq@ybl/P2M/6uvv5mb1@ptbsi/Flipkart
28/04/2024,,964.13,DR,4820.18,UPI/zk993kp0gp0f@ybl/P2M/91lpu2pg@ptbsi/Flipkart
28/04/2024,,1252.29,DR,3567.89,UPI/u3glinr5cwtp@oksbi/P2M/mfyobqku@ptbyl/Airtel
28/04/2024,830083,1222.64,DR,2345.25,UPI/iv7l198vsv9z@oksbi/P2M/xcihwjbk@ptbyl/Flipkart
28/04/2024,996965,44.44,DR,2300.81,UPI/5i9k21zuykop@oksbi/P2M/ltdy13xz@ptbsi/VENNA
28/04/2024,299763,1395.82,DR,904.99,UPI/ijqphu5t9sry@okhdfc/P2M/ekiq3btn@oksbi/Airtel
28/04/2024,,796.69,DR,108.3,UPI/xfu2z4iful5r@oksbi/P2M/3bt74ohf@ptbyl/Airtel
28/04/2024,,79.72,DR,28.58,UPI/bvo6y4j9r5h5@okhdfc/P2M/djfzqus3@ptbyl/Airtel
27/04/2024,161637,4034.81,CR,4063.39,UPI/rqv7m8qtzl3e@okaxis
27/04/2024,696287,643.61,DR,3419.78,UPI/mpge7f2f5xmd@okhdfc/P2M/1mxf62rk@paytm/AxisBank
26/04/2024,,335.73,DR,3084.05,UPI/vaf6dooz64lf@okhdfc/P2M/lthjwtfu@ptbyl/Airtel
26/04/2024,,1495.88,DR,1588.17,UPI/9tq8kux5vfxf@oksbi/P2M/wfddf4rm@ptbsi/Paytm
26/04/2024,,1233.55,DR,354.62,UPI/71x45pfe39jz@axl/P2M/d099kyju@ptbsi/BigBazaar
26/04/2024,,227.98,DR,126.64,UPI/sa6b3cp3dgz3@oksbi/P2M/ut7ns9n6@paytm/Edara
25/04/2024,,44.6,DR,82.04,UPI/jrvzqwnjvbnu@oksbi/P2M/2jsq023h@paytm/AxisBank
25/04/2024,,157.04,CR,239.08,UPI/erhftk1rl8c7@paytm
24/04/2024,561837,211.4,DR,27.68,UPI/m17y5yp0dbnb@oksbi/P2M/osi8utwm@oksbi/VENNA
24/04/2024,,303.21,CR,330.89,UPI/wanf1ot449c9@okhdfc
24/04/2024,,3324.69,CR,3655.58,UPI/bm8h2q6c4t7b@okhdfc
24/04/2024,,3573.86,CR,7229.44,UPI/btbriafvwyj3@ybl
24/04/2024,,3746.59,CR,10976.03,UPI/2tmojkm3ihyt@okhdfc
24/04/2024,357233,556.11,DR,10419.92,UPI/cl727xjp8vau@okhdfc/P2M/ck5axwt7@ptbyl/Flipkart
23/04/2024,,348.59,DR,10071.33,UPI/v7gnw74tm9f6@ybl/P2M/mzt4zro1@ptbsi/Flipkart
23/04/2024,267977,3578.76,CR,13650.09,UPI/8yn2zwadj37w@okhdfc
23/04/2024,,978.26,DR,12671.83,UPI/ku4tkr8i1htg@axl/P2M/4sqasa41@ptbsi/Amazon
23/04/2024,,4946.07,CR,17617.9,UPI/s2kt0i3zmvwo@axl
23/04/2024,,36.06,DR,17581.84,UPI/h8fh702m4qej@okaxis/P2M/rq9feb4e@oksbi/Flipkart
23/04/2024,,483.14,DR,17098.7,UPI/oz97troabgvo@okhdfc/P2M/i4vpil9k@oksbi/Chala
23/04/2024,671707,1185.62,DR,15913.08,UPI/14w9cnmowrt3@ybl/P2M/phvrn8n5@ptbsi/BigBazaar
23/04/2024,,1373.96,DR,14539.12,UPI/hmqk0n4734rt@okaxis/P2M/a3jjakrl@ptbyl/Edara
23/04/2024,,112.0,DR,14427.12,UPI/te3c9vn4mg9j@okaxis/P2M/90fprax9@oksbi/Amazon
23/04/2024,,124.94,DR,14302.18,UPI/6eaoj9um527p@okhdfc/P2M/14ixboqu@paytm/Amazon
23/04/2024,,1319.53,DR,12982.65,UPI/z5jzitbg2paw@oksbi/P2M/nbzp48ir@ptbyl/Paytm
23/04/2024,989202,1120.67,DR,11861.98,UPI/4sv52lcrdyhc@okaxis/P2M/qpwvmehc@paytm/VENNA
23/04/2024,,795.9,DR,11066.08,UPI/n6qz91jie3rd@okaxis/P2M/8tiom7a8@paytm/Chala
22/04/2024,,1269.08,DR,9797.0,UPI/7cxequp0wqdo@okaxis/P2M/pmq82l4h@oksbi/Chala
22/04/2024,,1026.72,DR,8770.28,UPI/37soxpl71u1v@oksbi/P2M/vut4d1sv@ptbsi/Edara
22/04/2024,536603,1362.51,DR,7407.77,UPI/x4bt7qha2qtr@paytm/P2M/9ax5y7ej@ptbyl/VENNA
22/04/2024,883299,2855.95,CR,10263.72,UPI/xzd21zjqefe6@ybl
22/04/2024,769416,1302.17,DR,8961.55,UPI/ojn9owqpte4c@axl/P2M/vpghuim8@oksbi/Chala
22/04/2024,,282.94,DR,8678.61,UPI/wy21qiivtbll@okhdfc/P2M/maqi1mry@oksbi/BigBazaar
22/04/2024,,1107.8,DR,7570.81,UPI/gs2gjcd93gzq@axl/P2M/j55cb3l6@ptbsi/Paytm
22/04/2024,179460,1425.31,DR,6145.5,UPI/tf02rikvr30t@paytm/P2M/5yl1ag92@oksbi/VENNA
22/04/2024,,4791.26,CR,10936.76,UPI/ga2bkdoo62j1@ybl
22/04/2024,,187.8,DR,10748.96,UPI/nvbw44rq5mp7@okhdfc/P2M/yd0v8lne@oksbi/Chala
22/04/2024,291142,1369.45,DR,9379.51,UPI/2uiyavb8ofgo@okaxis/P2M/tlfx4sz8@paytm/VENNA
22/04/2024,,878.18,DR,8501.33,UPI/1dx5kjivb7ya@oksbi/P2M/y9doxi9n@paytm/VENNA
22/04/2024,782130,4761.31,CR,13262.64,UPI/6ukyj0m2slzm@ybl
21/04/2024,,1493.71,DR,11768.93,UPI/fet7lyt6pjgu@ybl/P2M/wdnxhfz3@paytm/VENNA
21/04/2024,,1230.24,DR,10538.69,UPI/nqgv43u18pft@axl/P2M/up1n3w6m@ptbyl/VENNA
21/04/2024,,568.51,DR,9970.18,UPI/09e3tittncpf@okaxis/P2M/fz2keuta@paytm/VENNA
21/04/2024,562306,1325.83,DR,8644.35,UPI/543h55hr6o6d@okhdfc/P2M/np1kj0xz@paytm/AxisBank
21/04/2024,267491,3316.04,CR,11960.39,UPI/tjsmmwd9mz68@oksbi
21/04/2024,423251,151.79,DR,11808.6,UPI/ay6jb3474pwh@axl/P2M/f53lx8l5@oksbi/Flipkart
21/04/2024,193397,1329.9,CR,13138.5,UPI/8xvth74439zc@okhdfc
21/04/2024,,212.57,DR,12925.93,UPI/u9h1lc8hv0zy@ybl/P2M/0wxtu7bo@ptbsi/BigBazaar
21/04/2024,863418,290.91,DR,12635.02,UPI/jud3mihzh8op@ybl/P2M/smbcj79m@paytm/Edara
21/04/2024,,165.75,DR,12469.27,UPI/zomjq3uvazbo@paytm/P2M/0gfidb5w@ptbyl/Flipkart
21/04/2024,,669.71,DR,11799.56,UPI/zbi9z6di3ipj@ybl/P2M/bn3dm578@paytm/Paytm
21/04/2024,614865,766.57,DR,11032.99,UPI/wff6g8bb4lcn@okhdfc/P2M/aok6byz7@ptbyl/Edara
21/04/2024,,1471.73,DR,9561.26,UPI/ey80vh82csz4@oksbi/P2M/ovy8jzxl@ptbyl/Paytm
20/04/2024,,588.83,DR,8972.43,UPI/ooychf0uujwm@oksbi/P2M/3pvjl9ln@ptbyl/VENNA
20/04/2024,723352,1011.15,DR,7961.28,UPI/ire2pacyf1k3@paytm/P2M/v7kze8uz@ptbsi/BigBazaar
20/04/2024,,622.13,DR,7339.15,UPI/8pmxe33ulbuo@ybl/P2M/gvsq1h5a@paytm/Paytm
20/04/2024,,196.89,DR,7142.26,UPI/4s5e8pjs1455@okaxis/P2M/im3hobwp@paytm/VENNA
20/04/2024,358193,777.52,DR,6364.74,UPI/mw5f36ldp2p5@okaxis/P2M/eytvijtj@ptbsi/Paytm
20/04/2024,,670.23,DR,5694.51,UPI/rg39egtgdn41@paytm/P2M/27z02bqj@paytm/Paytm
20/04/2024,,3677.13,CR,9371.64,UPI/iwy3t69tlzc6@axl
20/04/2024,,4031.66,CR,13403.3,UPI/qxu7i0hkcahl@paytm
20/04/2024,598487,858.69,DR,12544.61,UPI/kl8uvfqd51ob@ybl/P2M/bb7su2gs@oksbi/Amazon
20/04/2024,,1086.83,DR,11457.78,UPI/km0fvd2oen6u@okaxis/P2M/mvwbs2vz@ptbsi/Amazon
20/04/2024,934083,827.6,DR,10630.18,UPI/yoxo5gn50iwe@oksbi/P2M/fdx1nxpt@ptbyl/AxisBank
20/04/2024,,572.99,DR,10057.19,UPI/8vocb4asqf8r@axl/P2M/havl8ypw@ptbyl/Chala
20/04/2024,145584,93.69,DR,9963.5,UPI/hwal41ji9p4n@axl/P2M/wiy7l2ix@ptbsi/Edara
19/04/2024,730767,405.78,DR,9557.72,UPI/j75c864mzcps@ybl/P2M/zh9xpl2l@paytm/Amazon
19/04/2024,,1305.51,DR,8252.21,UPI/f0f6zsqv529s@okaxis/P2M/w85lt6ts@ptbyl/Flipkart
19/04/2024,,2400.32,CR,10652.53,UPI/7edsdgkjrrep@okaxis
19/04/2024,790724,1461.38,DR,9191.15,UPI/dj57my8vdqze@paytm/P2M/4uaxzjec@ptbyl/Chala
19/04/2024,331170,66.47,DR,9124.68,UPI/ltlvfrv6rz4z@ybl/P2M/bvs7jhoo@oksbi/BigBazaar
19/04/2024,,1480.45,CR,10605.13,UPI/a00efp79vi3m@okaxis
19/04/2024,775461,4594.2,CR,15199.33,UPI/b274qhbjo5o8@paytm
19/04/2024,885071,2708.94,CR,17908.27,UPI/fthnkyl872ly@paytm
19/04/2024,,1390.54,DR,16517.73,UPI/gedwcgr1s63f@paytm/P2M/x1bpe8u3@paytm/Chala
19/04/2024,,200.25,DR,16317.48,UPI/mxsqaqgte10e@paytm/P2M/xzr0t76n@ptbyl/Chala
19/04/2024,,370.13,CR,16687.61,UPI/y7jca8w09dh5@paytm
19/04/2024,,1272.18,DR,15415.43,UPI/fhczirh76c2n@oksbi/P2M/z9r8b3nm@oksbi/Flipkart
19/04/2024,,156.66,DR,15258.77,UPI/6ys29v8f5asl@okaxis/P2M/tfi0azgi@ptbyl/Chala
18/04/2024,,440.03,DR,14818.74,UPI/no56v4wlllww@axl/P2M/a7cp8f3b@ptbsi/AxisBank
18/04/2024,119716,4681.24,CR,19499.98,UPI/ga93wgqkfmht@paytm
18/04/2024,,58.58,DR,19441.4,UPI/ci70yx7fe442@paytm/P2M/lv3olpk3@oksbi/Edara
18/04/2024,,3425.3,CR,22866.7,UPI/m9bxdp4kb6cb@ybl
18/04/2024,846953,534.81,DR,22331.89,UPI/5q5hgh4a1t7k@ybl/P2M/h2xnytwt@ptbyl/VENNA
18/04/2024,,740.95,DR,21590.94,UPI/ea3ssiopzcid@oksbi/P2M/1lkog8ru@ptbsi/BigBazaar
18/04/2024,294145,203.47,DR,21387.47,UPI/9vhjrihu9zay@paytm/P2M/7uokvsfx@ptbsi/Paytm
18/04/2024,532616,1386.58,DR,20000.89,UPI/re8oh6zbls45@okhdfc/P2M/xpj7a2w7@ptbsi/Amazon
18/04/2024,,222.22,DR,19778.67,UPI/ls4567qzfh1t@ybl/P2M/nnfvc62d@oksbi/Airtel
18/04/2024,875899,481.44,DR,19297.23,UPI/6k6afk2un9tg@ybl/P2M/9yuj9axl@oksbi/Chala
18/04/2024,,925.72,DR,18371.51,UPI/eg9z0mc8t7lx@oksbi/P2M/23kjbqmv@oksbi/Paytm
18/04/2024,515689,1482.45,DR,16889.06,UPI/0porapjuaelz@oksbi/P2M/m3hzxe4f@oksbi/Paytm
18/04/2024,991375,4225.83,CR,21114.89,UPI/89juhbsuqgpu@paytm
17/04/2024,,1334.93,DR,19779.96,UPI/6mfp3z2p24bw@axl/P2M/etkz9scy@ptbyl/Edara
17/04/2024,824129,154.82,DR,19625.14,UPI/etitqbmzqbmf@ybl/P2M/8dxq1wnd@oksbi/Amazon
17/04/2024,,4105.68,CR,23730.82,UPI/ps0gsqhgncbh@paytm
17/04/2024,455403,251.64,DR,23479.18,UPI/4pvh147pznog@okhdfc/P2M/xyr4toxc@oksbi/Airtel
17/04/2024,,10.48,DR,23468.7,UPI/poacczi8q9vz@paytm/P2M/5jgbwtc2@ptbsi/Amazon
17/04/2024,828354,1002.04,DR,22466.66,UPI/d07bamrvj6sx@axl/P2M/37uc31ws@ptbsi/AxisBank
17/04/2024,557023,646.46,DR,21820.2,UPI/aktod85pgpeq@okhdfc/P2M/dkkos0tr@ptbyl/Paytm
17/04/2024,,2593.7,CR,24413.9,UPI/wnp8jiltz6nl@oksbi
17/04/2024,,82.69,DR,24331.21,UPI/xdbeibhyu5w9@paytm/P2M/fbyr1x1d@oksbi/Edara
17/04/2024,222552,128.36,DR,24202.85,UPI/o9q5z26rsuub@ybl/P2M/c8ook39t@ptbyl/AxisBank
17/04/2024,819203,850.96,DR,23351.89,UPI/qxgm6hqish7c@okhdfc/P2M/0wqtzum5@oksbi/BigBazaar
17/04/2024,312194,1469.7,DR,21882.19,UPI/p2ef7lbagagz@paytm/P2M/tk0hxalg@oksbi/Edara
17/04/2024,,261.85,DR,21620.34,UPI/m07yfp1g1n9c@oksbi/P2M/o4nia2t0@ptbyl/Airtel
16/04/2024,215113,3636.8,CR,25257.14,UPI/24i7hmqccbcq@oksbi
16/04/2024,923112,1115.5,DR,24141.64,UPI/1ezhkkqixk3f@okaxis/P2M/4ezqpkxm@oksbi/Edara
16/04/2024,196430,795.78,DR,23345.86,UPI/2zwmdhwz55gk@okhdfc/P2M/i86hnf86@ptbsi/Amazon
16/04/2024,,247.49,DR,23098.37,UPI/ae571ic0frgp@oksbi/P2M/je4stvdq@ptbsi/Edara
16/04/2024,,519.37,DR,22579.0,UPI/wtwvytpvh0mf@oksbi/P2M/kc1qn8ah@ptbsi/Chala
16/04/2024,,932.91,DR,21646.09,UPI/qzz9iankxyfr@axl/P2M/ma0mehqo@oksbi/Edara
16/04/2024,,1460.63,DR,20185.46,UPI/o2y4slavkps8@oksbi/P2M/n5l8gxk6@ptbsi/Chala
16/04/2024,,288.74,DR,19896.72,UPI/0w8r651tb7q8@okhdfc/P2M/jj8o4avn@paytm/Airtel
16/04/2024,,1133.13,DR,18763.59,UPI/c2qqonprymo8@oksbi/P2M/zt0tvrj9@ptbsi/VENNA
16/04/2024,164289,553.71,DR,18209.88,UPI/g3ep7gs88hlu@okhdfc/P2M/irg7di83@oksbi/Airtel
16/04/2024,791682,815.52,DR,17394.36,UPI/yillc1z93z5d@oksbi/P2M/s6hk94zk@ptbsi/Edara
16/04/2024,,4277.22,CR,21671.58,UPI/bnkfeek4cp80@ybl
16/04/2024,,218.19,DR,21453.39,UPI/48gkq3rkcl8m@oksbi/P2M/4ne994u0@oksbi/Flipkart
15/04/2024,,708.91,DR,20744.48,UPI/tfdem87q3qf4@okaxis/P2M/u17qn3tt@paytm/Chala
15/04/2024,208896,1243.81,DR,19500.67,UPI/oopi9dij0pxn@okhdfc/P2M/yyx35rgl@paytm/Edara
15/04/2024,,51.93,DR,19448.74,UPI/j7cwkagmui7l@okaxis/P2M/all3qkr8@paytm/Chala
15/04/2024,,186.42,DR,19262.32,UPI/ws959ricblyo@axl/P2M/gi8pobt6@oksbi/Edara
15/04/2024,478940,1142.83,DR,18119.49,UPI/95tfnxb1d6lq@oksbi/P2M/s5lavcyr@paytm/Edara
15/04/2024,,768.23,DR,17351.26,UPI/o8kbwsrhl6xf@axl/P2M/o3nkzm1d@ptbyl/AxisBank
15/04/2024,191870,864.74,DR,16486.52,UPI/8qixutvz65vb@okhdfc/P2M/v6axwbrv@ptbyl/VENNA
15/04/2024,,1093.89,DR,15392.63,UPI/besz9glwnea0@oksbi/P2M/seuotg3b@oksbi/VENNA
15/04/2024,,1147.86,DR,14244.77,UPI/lv3fyiw79p94@paytm/P2M/1awaqq2g@ptbsi/Airtel
15/04/2024,738571,1561.43,CR,15806.2,UPI/8yqxhy2i0dsq@ybl
15/04/2024,,249.15,DR,15557.05,UPI/5o3blwbnajx8@okaxis/P2M/tyeuhf91@ptbsi/Paytm
15/04/2024,,1284.48,DR,14272.57,UPI/v9poxmq3bu9a@okaxis/P2M/hdzfijwt@paytm/Chala
15/04/2024,,420.14,DR,13852.43,UPI/xto4r1oh9z54@axl/P2M/8sa42zi7@oksbi/Paytm
14/04/2024,,1424.58,CR,15277.01,UPI/r61sam0zyiep@paytm
14/04/2024,967094,252.31,DR,15024.7,UPI/we1otprfr6ah@axl/P2M/fzgzkpfj@paytm/Amazon
14/04/2024,,676.65,DR,14348.05,UPI/zzo9y36cc129@okhdfc/P2M/v0mzdgoo@ptbyl/Paytm
14/04/2024,617707,403.55,DR,13944.5,UPI/v4jbultr4tt5@oksbi/P2M/bczcux22@paytm/BigBazaar
14/04/2024,,919.72,DR,13024.78,UPI/4z7xaiwfqj9e@ybl/P2M/vn8bmpqa@ptbyl/Flipkart
14/04/2024,,970.46,DR,12054.32,UPI/r82q86mlvn8a@axl/P2M/y95px9lu@oksbi/Chala
14/04/2024,427908,1105.32,DR,10949.0,UPI/hsho8dcmc4b1@okaxis/P2M/4gwczcha@oksbi/Edara
14/04/2024,,1175.72,DR,9773.28,UPI/c2z2vcpohojl@axl/P2M/c2uqrz49@ptbsi/VENNA
14/04/2024,,880.76,DR,8892.52,UPI/p9ibra68oxcf@axl/P2M/2iupxpxn@ptbyl/Amazon
14/04/2024,,1117.82,DR,7774.7,UPI/qdufh6dffdus@okaxis/P2M/40ksvnek@paytm/Amazon
14/04/2024,462572,199.07,DR,7575.63,UPI/ogk8qnww1amk@oksbi/P2M/n0wxodhw@ptbyl/BigBazaar
14/04/2024,,1419.57,DR,6156.06,UPI/wzgy5xnvcf1i@axl/P2M/zmzah30z@ptbsi/Airtel
14/04/2024,,435.63,DR,5720.43,UPI/g12u2o7d65do@axl/P2M/aj72oodg@paytm/AxisBank
13/04/2024,,473.18,DR,5247.25,UPI/nc9ikpcngq3v@ybl/P2M/eppcideg@paytm/VENNA
13/04/2024,,432.93,DR,4814.32,UPI/0btg0dq69mnp@oksbi/P2M/z8jsucsy@ptbsi/Chala
13/04/2024,951589,1378.16,DR,3436.16,UPI/yjvf7ksviynj@axl/P2M/5yh9868s@oksbi/Amazon
13/04/2024,,1418.59,DR,2017.57,UPI/c5gu0qw4vr1y@paytm/P2M/ga1djc5f@oksbi/AxisBank
13/04/2024,,1268.98,DR,748.59,UPI/8hbrmswqetwq@okhdfc/P2M/mfgr4vp9@paytm/VENNA
13/04/2024,723137,739.28,DR,9.31,UPI/vetx54dn0hf5@paytm/P2M/b18i8p0c@ptbyl/BigBazaar
13/04/2024,,2091.23,CR,2100.54,UPI/3n3hiceak4iz@ybl
13/04/2024,193405,136.12,DR,1964.42,UPI/m3yad686ikqs@okhdfc/P2M/orlvdgnq@paytm/Paytm
13/04/2024,862480,2766.0,CR,4730.42,UPI/y7veom9yoehw@okaxis
13/04/2024,,1015.73,DR,3714.69,UPI/codwjsawsgj3@paytm/P2M/cp4pqx90@ptbsi/Edara
13/04/2024,295827,180.53,DR,3534.16,UPI/xu0o874fvhm9@okaxis/P2M/pmdo9u67@ptbyl/Amazon
13/04/2024,318918,1261.47,DR,2272.69,UPI/gb3b900hsyft@okhdfc/P2M/24q15u9w@ptbsi/Flipkart
12/04/2024,618447,874.17,DR,1398.52,UPI/uczwvgggzih6@okhdfc/P2M/5lrg4sl7@ptbsi/VENNA
12/04/2024,794055,1026.52,DR,372.0,UPI/ln60lct014u9@okaxis/P2M/xvgzul2t@ptbsi/Amazon
12/04/2024,,1798.77,CR,2170.77,UPI/oq0p14p5tjjh@okhdfc
12/04/2024,491144,186.75,DR,1984.02,UPI/8cduitg63qgs@paytm/P2M/la57bduq@ptbsi/Edara
12/04/2024,394290,1359.88,DR,624.14,UPI/dcxpun4np1zh@ybl/P2M/8y7onzz5@oksbi/Flipkart
12/04/2024,,447.55,CR,1071.69,UPI/xvf4ufw6gpr3@oksbi
12/04/2024,179210,507.8,DR,563.89,UPI/qjm3jdavvhb7@axl/P2M/9fdubo39@ptbyl/VENNA
11/04/2024,,3516.14,CR,4080.03,UPI/xcwoueybp3xn@okaxis
11/04/2024,234805,529.52,DR,3550.51,UPI/17z8ji2ep3xo@okhdfc/P2M/2smt42ea@oksbi/Amazon
11/04/2024,274997,610.47,DR,2940.04,UPI/q1m3bjf5qcx8@okaxis/P2M/ztvzgylh@oksbi/Amazon
11/04/2024,665441,830.16,CR,3770.2,UPI/u5bpdoskwtna@okaxis
11/04/2024,,283.17,DR,3487.03,UPI/d5g5kzuumju4@axl/P2M/w1sst9zm@ptbsi/BigBazaar
11/04/2024,456201,826.33,DR,2660.7,UPI/e0zrloc5pey7@paytm/P2M/2rszyrx1@oksbi/Edara
11/04/2024,,116.27,CR,2776.97,UPI/4m52mw980aok@axl
11/04/2024,,746.51,DR,2030.46,UPI/djbx6jiv31lh@paytm/P2M/w2q655c9@ptbsi/BigBazaar
11/04/2024,,908.22,DR,1122.24,UPI/jrzjcisitwej@ybl/P2M/6ehgvht2@paytm/Amazon
11/04/2024,,4285.55,CR,5407.79,UPI/q6y89837xpci@okhdfc
11/04/2024,,1178.28,DR,4229.51,UPI/rdjt6g5g0dij@oksbi/P2M/lxbuscl2@oksbi/AxisBank
11/04/2024,,1671.71,CR,5901.22,UPI/03no6tl9tiul@oksbi
11/04/2024,,959.92,DR,4941.3,UPI/5rz2fek4mh9r@axl/P2M/6vy92ajf@oksbi/Flipkart
10/04/2024,,1086.37,DR,3854.93,UPI/ihshupc26bsb@oksbi/P2M/uairep7e@oksbi/BigBazaar
10/04/2024,,655.77,DR,3199.16,UPI/3o2aqrpzbime@paytm/P2M/qyps58g3@ptbsi/Amazon
10/04/2024,,872.25,DR,2326.91,UPI/nn3du13iu6ib@ybl/P2M/xg22vp22@ptbyl/AxisBank
10/04/2024,,1007.8,DR,1319.11,UPI/3py057d1mz71@ybl/P2M/apu903wl@paytm/AxisBank
10/04/2024,,340.19,DR,978.92,UPI/qawpsohrzzro@paytm/P2M/6ituqlzz@paytm/Paytm
10/04/2024,,537.15,DR,441.77,UPI/dcm6vcb8udbk@paytm/P2M/xgqfg3hk@ptbyl/AxisBank
10/04/2024,198749,4996.12,CR,5437.89,UPI/xfsb5thxh1ws@okaxis
09/04/2024,,15.1,DR,5422.79,UPI/sw1v1ltwsz5c@oksbi/P2M/dicsnl6d@oksbi/Edara
09/04/2024,414479,833.52,DR,4589.27,UPI/f19kcaw91xfm@axl/P2M/0m6jug2s@ptbsi/BigBazaar
09/04/2024,231814,856.91,DR,3732.36,UPI/fp10p4dvq3r0@oksbi/P2M/tkmatjv8@paytm/Airtel
09/04/2024,566924,377.2,DR,3355.16,UPI/iknr09k20qc1@oksbi/P2M/wdt9e1w9@ptbsi/Chala
09/04/2024,,568.89,DR,2786.27,UPI/861q0ldnp7bm@ybl/P2M/x5vxb6g4@ptbsi/Edara
09/04/2024,204695,445.89,DR,2340.38,UPI/beb7hb8ajvsd@okhdfc/P2M/xd0uaxlb@paytm/Edara
09/04/2024,,725.58,DR,1614.8,UPI/8rcunpw3v1aj@oksbi/P2M/u9tdpy8g@ptbyl/VENNA
09/04/2024,,1458.75,DR,156.05,UPI/lqby3tnggj7o@axl/P2M/shu54lr1@oksbi/BigBazaar
08/04/2024,,3441.18,CR,3597.23,UPI/idmpbxtyhjpq@paytm
08/04/2024,595285,525.38,DR,3071.85,UPI/zg23oxhhub1s@axl/P2M/zth77zkz@ptbsi/AxisBank
08/04/2024,,1194.52,DR,1877.33,UPI/aby0ea2gkukb@okaxis/P2M/iutthmem@ptbsi/BigBazaar
08/04/2024,661768,675.66,DR,1201.67,UPI/1jxttn83127o@axl/P2M/jyb0i8cp@paytm/VENNA
07/04/2024,490167,628.38,DR,573.29,UPI/nm8n7kdgfbzb@axl/P2M/y3h7qo0y@oksbi/Flipkart
07/04/2024,,1444.33,CR,2017.62,UPI/0mhc5vi9knhq@ybl
07/04/2024,422898,769.34,CR,2786.96,UPI/79vmfo9bb2jo@oksbi
07/04/2024,,684.06,DR,2102.9,UPI/ji1d97nq2hne@axl/P2M/fyfgtzz4@ptbsi/VENNA
07/04/2024,930997,1340.52,DR,762.38,UPI/3jyfebk70dv2@okaxis/P2M/ivto280d@ptbyl/Airtel
07/04/2024,836919,642.0,DR,120.38,UPI/gll1wlelhfnw@oksbi/P2M/ufefb4dg@ptbsi/Paytm
07/04/2024,,95.64,DR,24.74,UPI/cbyphtdo4wpg@oksbi/P2M/8j6na49x@paytm/Chala
06/04/2024,812073,2228.12,CR,2252.86,UPI/ec8ln0nkk0uw@axl
06/04/2024,167934,1382.46,DR,870.4,UPI/ezvraunwh5eb@okaxis/P2M/q1kjlhuy@oksbi/Flipkart
06/04/2024,912610,802.95,DR,67.45,UPI/527d89i5y0po@okaxis/P2M/7d0e9z5u@ptbyl/Flipkart
05/04/2024,407773,614.18,CR,681.63,UPI/kdmapy6a9h5n@okaxis
05/04/2024,,577.84,DR,103.79,UPI/iviamhysz844@ybl/P2M/ffj3r6fl@ptbsi/VENNA
05/04/2024,,33.39,DR,70.4,UPI/xpnszlfosw5w@okhdfc/P2M/h8gkr295@paytm/Edara
05/04/2024,,2525.38,CR,2595.78,UPI/9cl67122sgy7@axl
05/04/2024,531377,410.1,DR,2185.68,UPI/g1rrrv8mocvd@okhdfc/P2M/tdeyewmi@ptbyl/Chala
05/04/2024,,892.37,DR,1293.31,UPI/f1mi3ykcjfcq@ybl/P2M/5g4f76cf@paytm/BigBazaar
05/04/2024,,621.51,DR,671.8,UPI/r1fg2ee1g9cf@oksbi/P2M/o3l5nacj@paytm/Chala
04/04/2024,116378,1004.09,CR,1675.89,UPI/r900rg4s9jpx@oksbi
04/04/2024,405621,1072.37,DR,603.52,UPI/c9hhfj6yokaj@axl/P2M/o39n96n3@oksbi/Edara
04/04/2024,115840,475.88,DR,127.64,UPI/9tkpf1of9yzu@okaxis/P2M/34kjs6qy@ptbsi/Airtel
04/04/2024,,3307.14,CR,3434.78,UPI/kc4new8cth2s@ybl
04/04/2024,,1407.03,DR,2027.75,UPI/zwlc6niz3itg@okaxis/P2M/vrwt4dss@paytm/Airtel
04/04/2024,851419,798.45,DR,1229.3,UPI/766xqyfz16pn@paytm/P2M/zacn5pt4@oksbi/Airtel
04/04/2024,,220.16,DR,1009.14,UPI/s2tbwgprr7hm@paytm/P2M/ebrqf8m1@ptbyl/Chala
04/04/2024,263164,416.95,DR,592.19,UPI/y5e6olon22y2@paytm/P2M/nsi65c38@ptbsi/Edara
04/04/2024,,488.15,DR,104.04,UPI/a401n1j6iyou@axl/P2M/n4fo6ag7@ptbyl/Edara
03/04/2024,974949,81.92,DR,22.12,UPI/n69brcvzkdeh@axl/P2M/4sig6vp2@paytm/Chala
03/04/2024,534519,2148.51,CR,2170.63,UPI/h2pykz5ef17i@paytm
02/04/2024,,11.2,DR,2159.43,UPI/w0wqk7ldpgy4@paytm/P2M/j0pbkqcb@paytm/Amazon
02/04/2024,,1284.37,DR,875.06,UPI/8ckk1mknq2il@axl/P2M/nz1u4en0@oksbi/BigBazaar
02/04/2024,572456,17.72,DR,857.34,UPI/a03gkp62lsfx@axl/P2M/si9e1nt4@oksbi/VENNA
02/04/2024,823518,777.15,CR,1634.49,UPI/6zr8y07mye86@okhdfc
02/04/2024,,2802.57,CR,4437.06,UPI/vn1juctntr2f@oksbi
02/04/2024,,607.65,DR,3829.41,UPI/dxb2iu29e2b3@ybl/P2M/fcyhucy7@ptbsi/Chala
02/04/2024,,1219.2,DR,2610.21,UPI/firu6rbss9rf@oksbi/P2M/44cywy4p@oksbi/AxisBank
02/04/2024,,1399.87,DR,1210.34,UPI/541g5z083zzx@okhdfc/P2M/d2gtc3k1@oksbi/BigBazaar
02/04/2024,277488,112.21,DR,1098.13,UPI/f1bcoagovg6d@axl/P2M/6hwrt8xi@oksbi/AxisBank
02/04/2024,203533,823.68,DR,274.45,UPI/4be6kjhiz6v7@paytm/P2M/23cev9bb@ptbyl/AxisBank
31/03/2024,,2674.91,CR,2949.36,UPI/73tensfgoib6@okhdfc
31/03/2024,,1469.53,DR,1479.83,UPI/n6r8ub33xx9a@okhdfc/P2M/tzt4znlu@paytm/Flipkart
31/03/2024,,648.36,DR,831.47,UPI/tnfq1gdukk6m@ybl/P2M/1tnsgk8z@ptbyl/Amazon
31/03/2024,,464.03,DR,367.44,UPI/r4qyoc1mrmf2@axl/P2M/mzzmpdka@paytm/Airtel
31/03/2024,191034,3311.83,CR,3679.27,UPI/csqzjxiae4x7@okhdfc
31/03/2024,780679,672.92,DR,3006.35,UPI/45hz0on3txtl@paytm/P2M/3m8iyeyt@ptbyl/Amazon
31/03/2024,680448,372.59,DR,2633.76,UPI/vf2yhl7dyqd3@oksbi/P2M/724ftezl@ptbsi/Flipkart
31/03/2024,,843.26,DR,1790.5,UPI/uugx0u9t4hp8@okhdfc/P2M/hhtwrzcb@paytm/Chala
31/03/2024,,901.18,DR,889.32,UPI/sbhihe7q6848@okhdfc/P2M/hzlpzjvr@ptbyl/Airtel
31/03/2024,,568.11,DR,321.21,UPI/uk8673dnph7m@oksbi/P2M/9h233m6w@paytm/Amazon
31/03/2024,249344,2389.02,CR,2710.23,UPI/xqhl2ahwk9qm@okhdfc
30/03/2024,309347,4964.05,CR,7674.28,UPI/bpt5ytwef77s@ybl
30/03/2024,604617,1105.52,DR,6568.76,UPI/5fpb29r4uuvl@oksbi/P2M/lo4qyv9x@ptbyl/VENNA
30/03/2024,,1450.88,DR,5117.88,UPI/ekrqvqh9rmfl@oksbi/P2M/qotge5kw@ptbyl/Edara
30/03/2024,,128.52,DR,4989.36,UPI/dsylvohw2e4e@oksbi/P2M/d2hkuawh@ptbsi/AxisBank
30/03/2024,,436.47,DR,4552.89,UPI/17m93ujqrk1h@paytm/P2M/1r54kjt7@ptbsi/Airtel
30/03/2024,,715.7,DR,3837.19,UPI/dw6ar7wj2nur@paytm/P2M/vj2593bg@ptbyl/VENNA
30/03/2024,,3513.46,CR,7350.65,UPI/fz9u7yk9opn6@okhdfc
30/03/2024,885185,1384.04,DR,5966.61,UPI/dkamdo79iomq@ybl/P2M/id65ct9t@ptbyl/Flipkart
30/03/2024,,1013.58,DR,4953.03,UPI/7lpotarg9y8y@okhdfc/P2M/eiuoyxks@oksbi/Chala
30/03/2024,585749,96.91,DR,4856.12,UPI/612st1jo88pp@okhdfc/P2M/4bazy0tg@ptbsi/Airtel
30/03/2024,,2241.48,CR,7097.6,UPI/n1m8rrzi6std@axl
30/03/2024,482538,584.22,DR,6513.38,UPI/hri8nufqv70m@axl/P2M/1ntotx0h@ptbyl/Edara
30/03/2024,,1215.74,DR,5297.64,UPI/9maftxphnsf0@okhdfc/P2M/8tw0alup@paytm/Edara
29/03/2024,,1117.38,DR,4180.26,UPI/i804uowy5nn9@oksbi/P2M/ny95od5j@ptbsi/Chala
29/03/2024,761757,1128.13,DR,3052.13,UPI/71buk0jctpi7@oksbi/P2M/8n7y68a4@paytm/AxisBank
29/03/2024,241393,1221.99,DR,1830.14,UPI/e9bcysfmes96@okhdfc/P2M/f2jit6oq@ptbsi/AxisBank
29/03/2024,,319.57,DR,1510.57,UPI/bp71lckp2mc0@okaxis/P2M/sdjmio74@oksbi/Paytm
29/03/2024,106041,556.01,DR,954.56,UPI/yem7t9g73t94@okaxis/P2M/pk1lnv02@paytm/Flipkart
29/03/2024,346592,384.03,DR,570.53,UPI/uwbk70xfg400@oksbi/P2M/qv1f5bad@paytm/VENNA
29/03/2024,762605,162.64,DR,407.89,UPI/kfls2itmjwns@okaxis/P2M/bkhtuw2k@paytm/Edara
29/03/2024,,287.32,DR,120.57,UPI/tw4m8khbufx9@oksbi/P2M/r00ki2f8@paytm/AxisBank
28/03/2024,,2602.1,CR,2722.67,UPI/ha8c5byan9nm@okaxis
28/03/2024,,1035.07,DR,1687.6,UPI/tiruz5b5c5oa@oksbi/P2M/x0uhsnhp@oksbi/Edara
27/03/2024,,620.04,DR,1067.56,UPI/s3aewqolswlz@paytm/P2M/7ayyxwq3@ptbyl/Edara
27/03/2024,,212.8,DR,854.76,UPI/lpgfrobyp10d@axl/P2M/psx719i6@ptbsi/BigBazaar
27/03/2024,,208.11,DR,646.65,UPI/h171w9tbtldy@okhdfc/P2M/xdkpatn6@oksbi/Edara
27/03/2024,,272.75,DR,373.9,UPI/6y69oabxohs0@oksbi/P2M/wdpyre2t@oksbi/Amazon
26/03/2024,,545.94,CR,919.84,UPI/lchng78yphvo@oksbi
26/03/2024,387620,239.65,DR,680.19,UPI/kxh2gr5ljizl@axl/P2M/yqt5u9cl@ptbyl/Chala
26/03/2024,,556.47,DR,123.72,UPI/ewdzae7b0ke6@paytm/P2M/sczgbksr@oksbi/VENNA
26/03/2024,,1106.49,CR,1230.21,UPI/hr8mge9faqge@okhdfc
26/03/2024,973326,978.63,DR,251.58,UPI/lon3iszxf8uf@okaxis/P2M/k9yedk0x@paytm/Chala
25/03/2024,842692,4892.81,CR,5144.39,UPI/y4tov2rpdox9@okaxis
25/03/2024,817979,1443.17,DR,3701.22,UPI/sfl5bdopm802@okhdfc/P2M/a1c0h9zw@oksbi/Flipkart
25/03/2024,,1144.31,DR,2556.91,UPI/s8eebixpr4kd@oksbi/P2M/ze3mc6zl@ptbyl/Chala
25/03/2024,,493.35,DR,2063.56,UPI/6pxulz8pudm3@okhdfc/P2M/yfwas77u@ptbyl/Amazon
24/03/2024,134759,612.09,DR,1451.47,UPI/5x9gzbwdxffm@okhdfc/P2M/v5w91qyw@paytm/VENNA
24/03/2024,,508.63,DR,942.84,UPI/6zs1jx23a0yc@paytm/P2M/2gpu2uq2@oksbi/Edara
24/03/2024,885552,557.18,DR,385.66,UPI/buyzw3g8dmft@okhdfc/P2M/n816yo4p@ptbyl/Amazon
24/03/2024,,704.73,CR,1090.39,UPI/btow2uais7mr@paytm
24/03/2024,341513,560.18,DR,530.21,UPI/ngtt7foo7y9v@okhdfc/P2M/fh2kkeol@oksbi/BigBazaar
24/03/2024,,125.27,DR,404.94,UPI/3zjm99r2o2rr@oksbi/P2M/qhpn5a0o@oksbi/Airtel
24/03/2024,107025,285.06,DR,119.88,UPI/zglhbucg63k3@oksbi/P2M/3mz4jfd0@oksbi/BigBazaar
23/03/2024,,84.9,DR,34.98,UPI/jd8rkxebgy34@ybl/P2M/g7h40ukr@paytm/Airtel
23/03/2024,126341,4443.26,CR,4478.24,UPI/7fjs7im2gwsx@oksbi
23/03/2024,583961,460.78,DR,4017.46,UPI/9q4rjijbcptg@ybl/P2M/un8iz5p3@ptbyl/Edara
23/03/2024,983676,1422.13,DR,2595.33,UPI/yhmko3x5a2j6@okhdfc/P2M/2pq7y85w@oksbi/Edara
23/03/2024,604726,656.14,CR,3251.47,UPI/i2rxyytrkg9y@paytm
23/03/2024,,923.36,DR,2328.11,UPI/6hm78kqpp2i8@okhdfc/P2M/y9j8c1k5@ptbsi/BigBazaar
23/03/2024,,153.21,DR,2174.9,UPI/a7qjb6x6gge4@axl/P2M/6ei0tb6y@ptbyl/Flipkart
23/03/2024,198012,783.54,DR,1391.36,UPI/torwm40q3jtb@oksbi/P2M/xvqq5eoj@ptbyl/AxisBank
23/03/2024,,26.34,DR,1365.02,UPI/b9gfmy4k1o0l@paytm/P2M/tu725a0h@paytm/VENNA
23/03/2024,207998,649.39,DR,715.63,UPI/ttye2g4fdqvz@ybl/P2M/1f5lodk0@paytm/Chala
23/03/2024,,708.11,DR,7.52,UPI/gs0azq2fjwpa@ybl/P2M/on8r5yxf@paytm/Amazon
22/03/2024,,2501.68,CR,2509.2,UPI/1cwnaldua1th@okaxis
22/03/2024,,740.19,DR,1769.01,UPI/27lt06u9hx0n@oksbi/P2M/n16pqccy@oksbi/AxisBank
22/03/2024,,405.16,DR,1363.85,UPI/pdo1miww0ow2@axl/P2M/y7vf3k69@oksbi/BigBazaar
22/03/2024,,319.89,CR,1683.74,UPI/f52eii4pvry1@oksbi
22/03/2024,107665,149.62,DR,1534.12,UPI/ujm4gghhfpcx@okhdfc/P2M/p0j20bha@paytm/Chala
22/03/2024,729346,699.74,DR,834.38,UPI/poeo5sb9sjdn@axl/P2M/xsz0ypt1@paytm/Airtel
22/03/2024,726205,632.76,DR,201.62,UPI/1s5cm6zczt6g@okaxis/P2M/233uq94x@ptbyl/BigBazaar
22/03/2024,,1603.21,CR,1804.83,UPI/dq869a89b3p5@axl
21/03/2024,,447.26,DR,1357.57,UPI/j4jktjysozgq@paytm/P2M/l50ctku9@ptbyl/Flipkart
21/03/2024,451560,150.07,DR,1207.5,UPI/6o0f4be4c2l6@axl/P2M/ff34vouu@oksbi/VENNA
21/03/2024,,974.97,DR,232.53,UPI/4a72swdd33y2@okaxis/P2M/kw4xs0rg@oksbi/VENNA
21/03/2024,,115.06,DR,117.47,UPI/ix2q3bie1z2c@okaxis/P2M/84g6j0je@ptbsi/Flipkart
21/03/2024,,70.48,DR,46.99,UPI/n6mrfsfjkvf2@ybl/P2M/wdoql1mb@ptbsi/BigBazaar
20/03/2024,,4906.04,CR,4953.03,UPI/hahdwu9vr237@ybl
20/03/2024,,1305.6,DR,3647.43,UPI/5sceyignaktg@axl/P2M/ihme4mw4@ptbsi/Chala
20/03/2024,117473,978.62,DR,2668.81,UPI/9x3ncyn5frbu@paytm/P2M/n41cuud7@ptbsi/Airtel
20/03/2024,,4477.54,CR,7146.35,UPI/768unkakh1xb@ybl
20/03/2024,,555.8,DR,6590.55,UPI/xl66dmeqxm88@okaxis/P2M/n3u5f6sy@ptbyl/Flipkart
20/03/2024,836414,582.14,DR,6008.41,UPI/34i7vb9ejs89@axl/P2M/vjjueeuj@ptbyl/Paytm
20/03/2024,,1265.95,DR,4742.46,UPI/lszt0tcttky6@okhdfc/P2M/c634htm3@ptbyl/VENNA
20/03/2024,895431,1094.4,DR,3648.06,UPI/63xnp7j42w1i@okaxis/P2M/wm9shg3w@ptbyl/Chala
20/03/2024,681174,1067.57,DR,2580.49,UPI/g6x7vqlelr1d@okhdfc/P2M/1g2okbsb@oksbi/Paytm
19/03/2024,,521.7,DR,2058.79,UPI/mnapadbcg6ah@ybl/P2M/7ms29up0@paytm/VENNA
19/03/2024,,1234.71,DR,824.08,UPI/2fefd2eck7hi@okhdfc/P2M/6n08j7mb@ptbsi/Airtel
19/03/2024,726026,214.76,DR,609.32,UPI/wtpxcjmx9zp5@oksbi/P2M/r3vxo7zb@oksbi/Edara
19/03/2024,,2176.63,CR,2785.95,UPI/7hcb93bniwlp@oksbi
19/03/2024,,691.01,DR,2094.94,UPI/41uf4uri9uj7@paytm/P2M/64c01imx@oksbi/VENNA
19/03/2024,,163.29,DR,1931.65,UPI/3dd8rxkn29g4@ybl/P2M/91k3o9yr@paytm/BigBazaar
19/03/2024,878006,1360.57,DR,571.08,UPI/g4jk3t2zs4yn@axl/P2M/n6bs1cgk@ptbsi/Paytm
19/03/2024,982492,466.65,DR,104.43,UPI/9zuy73dkya3s@okhdfc/P2M/g9w3gyd3@oksbi/Flipkart
19/03/2024,,3659.44,CR,3763.87,UPI/7gfxvelox7n8@paytm
18/03/2024,,595.75,DR,3168.12,UPI/oiac26kiayih@okhdfc/P2M/er7dl8ul@ptbsi/AxisBank
18/03/2024,,926.27,DR,2241.85,UPI/eherm0v9tlz3@okaxis/P2M/zhquextx@ptbyl/Chala
18/03/2024,,3919.04,CR,6160.89,UPI/xq3ivlgxktmb@paytm
18/03/2024,727656,796.87,DR,5364.02,UPI/jk4gules5zbi@ybl/P2M/axvv7y9c@oksbi/Paytm
18/03/2024,388272,1486.37,DR,3877.65,UPI/74h4jzw705mi@ybl/P2M/2bi77a7u@paytm/Flipkart
18/03/2024,382411,201.64,DR,3676.01,UPI/w51wpszke54y@oksbi/P2M/cnzbg2yg@oksbi/Paytm
18/03/2024,597996,237.5,DR,3438.51,UPI/til8mgapc74n@ybl/P2M/sfsownrj@oksbi/AxisBank
18/03/2024,298863,316.48,DR,3122.03,UPI/pebp4axm4vna@oksbi/P2M/vxo3hoz0@oksbi/Airtel
18/03/2024,497170,356.48,DR,2765.55,UPI/zwp361q57fam@ybl/P2M/xogdv5qg@ptbsi/Paytm
18/03/2024,,915.42,DR,1850.13,UPI/28itm8w5g416@paytm/P2M/9ydd0v8e@paytm/BigBazaar
18/03/2024,202646,344.26,DR,1505.87,UPI/im3etq2fe5mv@okaxis/P2M/6ibq6mwq@paytm/Paytm
18/03/2024,,894.96,DR,610.91,UPI/9m0eas9jywi5@oksbi/P2M/99f0d840@ptbsi/VENNA
18/03/2024,,321.48,DR,289.43,UPI/neaeqx7nzego@paytm/P2M/p5x8d8ou@paytm/Airtel
17/03/2024,349280,4476.6,CR,4766.03,UPI/oop2gs3s199i@ybl
17/03/2024,,656.93,DR,4109.1,UPI/yqtf7y93uqy6@okhdfc/P2M/jvo271hd@ptbyl/Amazon
17/03/2024,,435.94,DR,3673.16,UPI/yu1k3m5165q3@okhdfc/P2M/qpmyi3uy@ptbsi/Airtel
17/03/2024,,11.24,DR,3661.92,UPI/2vnkzqkyfjdo@okhdfc/P2M/0r5blelm@ptbsi/Flipkart
17/03/2024,521125,1042.71,DR,2619.21,UPI/xsgenf8rxryt@okhdfc/P2M/81xsvevv@ptbyl/Paytm
17/03/2024,563516,1180.66,DR,1438.55,UPI/pp0rrb7xhqby@ybl/P2M/drpw6wci@ptbyl/Chala
17/03/2024,,1150.64,DR,287.91,UPI/38e2m6xe0v9s@okhdfc/P2M/gvloebgx@ptbyl/Chala
17/03/2024,,67.97,DR,219.94,UPI/oyy5a241lqlh@paytm/P2M/efjblp6d@paytm/Paytm
16/03/2024,,4574.15,CR,4794.09,UPI/t8jsfaytn109@axl
16/03/2024,,1088.67,DR,3705.42,UPI/l5xhdy6xecdj@okhdfc/P2M/sys30r2o@paytm/AxisBank
16/03/2024,,3729.86,CR,7435.28,UPI/zje33kd420su@oksbi
16/03/2024,,292.79,DR,7142.49,UPI/2gosjaq9hsjl@okaxis/P2M/e9nmtt9z@ptbyl/VENNA
16/03/2024,,239.99,DR,6902.5,UPI/xktfpmtt6ozk@okaxis/P2M/3r41aifp@ptbyl/VENNA
16/03/2024,,616.75,DR,6285.75,UPI/sv1pmxpyk793@paytm/P2M/vzdpmzvh@oksbi/Flipkart
16/03/2024,,387.58,DR,5898.17,UPI/adilkajk7pq8@oksbi/P2M/j09ieyvk@ptbyl/Paytm
16/03/2024,,89.59,DR,5808.58,UPI/xjl4p9ut1h29@okhdfc/P2M/ohqanjmo@ptbyl/VENNA
16/03/2024,,582.05,DR,5226.53,UPI/3uvgfv8thi1d@okaxis/P2M/ivjyqbcx@ptbsi/Paytm
16/03/2024,199277,1363.69,DR,3862.84,UPI/c6v7xyhjs3xh@ybl/P2M/rdjzz36i@ptbyl/Paytm
16/03/2024,,234.53,DR,3628.31,UPI/xzodrsp8tyj6@okhdfc/P2M/frnolvpc@paytm/Paytm
15/03/2024,,1211.97,DR,2416.34,UPI/m8b05jj3fw8f@okaxis/P2M/nb6i23sy@oksbi/Chala
15/03/2024,272214,72.13,DR,2344.21,UPI/l4tee4kktl80@axl/P2M/ctfgy602@ptbsi/VENNA
15/03/2024,,372.91,DR,1971.3,UPI/mtasg74knrub@okaxis/P2M/gf75cdgq@ptbyl/BigBazaar
15/03/2024,565624,335.18,DR,1636.12,UPI/j7860sgig3he@axl/P2M/paxjmqtg@oksbi/AxisBank
15/03/2024,,1975.73,CR,3611.85,UPI/vgloqu07rp76@paytm
15/03/2024,717209,312.72,DR,3299.13,UPI/ptu31ewn5xu1@axl/P2M/zmzl0odp@paytm/AxisBank
15/03/2024,683141,1073.01,DR,2226.12,UPI/wzvp4sc68kpu@paytm/P2M/gepnlc5a@ptbyl/Edara
15/03/2024,923222,310.56,DR,1915.56,UPI/joxh5bwtocrs@paytm/P2M/pchygx52@ptbsi/BigBazaar
15/03/2024,,975.79,DR,939.77,UPI/cc3bfremvjb7@paytm/P2M/0t5ugn7a@ptbyl/Flipkart
15/03/2024,,409.2,DR,530.57,UPI/0c4kdxj2g1ps@okaxis/P2M/ckg3aq0r@paytm/Paytm
15/03/2024,,159.67,DR,370.9,UPI/a81f5tjy1wgl@axl/P2M/1u8v3oss@ptbyl/VENNA
15/03/2024,875717,972.18,CR,1343.08,UPI/ajr9af7uje2m@paytm
15/03/2024,,962.97,DR,380.11,UPI/iao82n76xlhn@oksbi/P2M/gr1x1ied@paytm/Amazon
14/03/2024,,174.36,DR,205.75,UPI/2cr19jtl3aqx@axl/P2M/x8srnd8e@ptbyl/Paytm
14/03/2024,917552,4136.43,CR,4342.18,UPI/vo8mfv1xm2bu@axl
14/03/2024,921923,1102.65,DR,3239.53,UPI/ss4q0xva6dre@axl/P2M/c3giwr3z@ptbyl/AxisBank
14/03/2024,,50.67,DR,3188.86,UPI/fb42benlywr7@axl/P2M/1zp2948g@ptbyl/AxisBank
14/03/2024,,170.04,DR,3018.82,UPI/s3o94k3ghz3r@oksbi/P2M/a7t85y43@paytm/Airtel
14/03/2024,,1317.55,DR,1701.27,UPI/b750zxre6itc@paytm/P2M/5psdah26@oksbi/Amazon
14/03/2024,,4539.64,CR,6240.91,UPI/syqs4renlvj1@okaxis
14/03/2024,,371.0,DR,5869.91,UPI/529na2z5iotq@okaxis/P2M/6oydkhui@oksbi/Paytm
14/03/2024,702809,916.92,DR,4952.99,UPI/6h4uisvtqs5o@paytm/P2M/in8blqv8@ptbyl/Airtel
14/03/2024,,1375.54,DR,3577.45,UPI/jf58cgzmeckl@okhdfc/P2M/6ds69ypg@paytm/Edara
14/03/2024,,2068.55,CR,5646.0,UPI/g7lcj5zoy1wg@paytm
14/03/2024,806612,249.66,DR,5396.34,UPI/9ko9s6wfiog6@oksbi/P2M/h9iaopw7@paytm/Flipkart
13/03/2024,,1224.5,DR,4171.84,UPI/qszr8l1ccmqc@axl/P2M/8oxy7uc5@ptbsi/Amazon
13/03/2024,,292.73,DR,3879.11,UPI/gij6536kaukd@paytm/P2M/ozcjseds@ptbyl/Flipkart
13/03/2024,466557,1160.02,DR,2719.09,UPI/ea104at34k32@oksbi/P2M/sym2mbbh@ptbyl/Amazon
13/03/2024,,1229.42,DR,1489.67,UPI/2lejfxxvcp43@paytm/P2M/3w7ml6pu@paytm/Amazon
13/03/2024,622640,366.02,DR,1123.65,UPI/qylh2woepz65@okaxis/P2M/69qemlka@paytm/AxisBank
13/03/2024,,691.4,DR,432.25,UPI/6lu8jomg2h6h@paytm/P2M/4ihnp2ak@ptbsi/Airtel
13/03/2024,,384.79,DR,47.46,UPI/r854y74qr45v@axl/P2M/z3zrljcj@ptbyl/Flipkart
12/03/2024,302728,2251.9,CR,2299.36,UPI/2x5imd9wq0ut@axl
12/03/2024,,1135.21,DR,1164.15,UPI/ko44xkfodzov@ybl/P2M/k32z64jr@ptbsi/Airtel
12/03/2024,387234,709.65,DR,454.5,UPI/roj3vu39q00c@okhdfc/P2M/3z991zkx@ptbyl/Flipkart
12/03/2024,899556,3280.82,CR,3735.32,UPI/5dfzk572h5xq@okaxis
12/03/2024,,1105.05,DR,2630.27,UPI/lyg6rry0zwvv@oksbi/P2M/9sbt275d@ptbyl/AxisBank
12/03/2024,755228,1331.37,DR,1298.9,UPI/d0a4xbuxbfmy@okaxis/P2M/4icbtvg4@oksbi/Flipkart
12/03/2024,143300,639.94,DR,658.96,UPI/2iicdhv6uupx@axl/P2M/p39qgaqn@ptbyl/BigBazaar
11/03/2024,726832,230.89,DR,428.07,UPI/9374flzo25da@oksbi/P2M/agc9l6xz@ptbsi/AxisBank
11/03/2024,,774.73,CR,1202.8,UPI/hu9lzp9o9hhk@oksbi
11/03/2024,554560,246.84,DR,955.96,UPI/ukswco72evci@ybl/P2M/q6sih0wd@oksbi/BigBazaar
11/03/2024,,680.59,DR,275.37,UPI/gb2buwf5xpa6@oksbi/P2M/3ne35b0s@paytm/Chala
11/03/2024,,176.8,DR,98.57,UPI/t94v5kqwd1rh@okhdfc/P2M/ryh3shcj@ptbyl/BigBazaar
10/03/2024,,1632.97,CR,1731.54,UPI/1xzyu77zi0h6@okaxis
10/03/2024,,427.7,DR,1303.84,UPI/07gu8g9m2zf2@oksbi/P2M/a70o2goh@oksbi/Flipkart
10/03/2024,,894.33,DR,409.51,UPI/amr4o4jd9go6@okhdfc/P2M/byp66qpf@ptbyl/Edara
10/03/2024,,355.84,DR,53.67,UPI/3m1fu729qqbx@paytm/P2M/xw7nzn15@ptbsi/Airtel
10/03/2024,569550,4161.18,CR,4214.85,UPI/e2f3dttrg7wx@oksbi
10/03/2024,171871,1081.47,CR,5296.32,UPI/91yyqr9kyhpw@axl
10/03/2024,,95.56,DR,5200.76,UPI/rv7hhkx1x54q@okaxis/P2M/kiat0n8h@ptbsi/Amazon
10/03/2024,382714,547.79,DR,4652.97,UPI/t54y50payguv@okaxis/P2M/6rwrqpbo@oksbi/Edara
10/03/2024,,1360.39,DR,3292.58,UPI/sfrgxz005qo3@paytm/P2M/nvc3kek4@paytm/Chala
10/03/2024,,840.92,DR,2451.66,UPI/ftb8eu4th8tr@oksbi/P2M/l5hh69xw@oksbi/Edara
09/03/2024,295024,1066.77,DR,1384.89,UPI/wwrtp59rr5fj@okhdfc/P2M/lvb8bbzg@oksbi/AxisBank
09/03/2024,567820,256.01,DR,1128.88,UPI/iuakbid9o9lv@axl/P2M/3i121epd@oksbi/Edara
09/03/2024,593419,501.08,DR,627.8,UPI/24fu2kp3vimw@oksbi/P2M/v9ajre8c@oksbi/BigBazaar
09/03/2024,,247.75,DR,380.05,UPI/yp0at6ly34rt@okaxis/P2M/wxybxa4y@ptbsi/Edara
09/03/2024,,2190.24,CR,2570.29,UPI/q2eewzbf7404@okaxis
09/03/2024,314794,1452.99,DR,1117.3,UPI/vz7uac4h4dpj@okhdfc/P2M/vzno6whs@paytm/Flipkart
09/03/2024,,983.35,DR,133.95,UPI/32c6mj7cfdfl@ybl/P2M/syrtbl88@ptbyl/VENNA
08/03/2024,519637,64.54,DR,69.41,UPI/zug513mzi380@paytm/P2M/lnnnknqn@oksbi/Paytm
08/03/2024,,641.82,CR,711.23,UPI/bejm074ixy1x@ybl
08/03/2024,,393.54,DR,317.69,UPI/u7cpqs279m9n@ybl/P2M/6sa5iqoy@oksbi/BigBazaar
08/03/2024,510830,3143.27,CR,3460.96,UPI/2376r190g91z@oksbi
08/03/2024,317343,454.52,DR,3006.44,UPI/wi6ohfjljtuv@oksbi/P2M/tbhe4r8v@ptbsi/Amazon
08/03/2024,,364.75,DR,2641.69,UPI/ksd6w8f8hegl@okaxis/P2M/991grqxx@paytm/Airtel
07/03/2024,758078,3808.72,CR,6450.41,UPI/5177m5hamj2h@okaxis
07/03/2024,365921,341.51,DR,6108.9,UPI/6bc2nka2w8xi@okhdfc/P2M/0zqbvxzn@oksbi/AxisBank
07/03/2024,896460,755.28,DR,5353.62,UPI/q9yk34ozcj0k@okhdfc/P2M/agcsojj3@paytm/Edara
07/03/2024,,78.66,DR,5274.96,UPI/m1861zpprgtc@paytm/P2M/qzjom6zk@ptbsi/Edara
07/03/2024,,350.63,DR,4924.33,UPI/tsp5wtulnzzz@paytm/P2M/j0x4gzv7@paytm/Airtel
07/03/2024,802754,1309.98,DR,3614.35,UPI/fgn4a5zlmr8p@paytm/P2M/g5qmhh8c@ptbyl/BigBazaar
07/03/2024,,327.7,DR,3286.65,UPI/wzr83mihxm3u@axl/P2M/xi0sq9i8@ptbyl/Airtel
07/03/2024,,3776.97,CR,7063.62,UPI/n28ogrhbs05v@paytm
07/03/2024,,1242.89,DR,5820.73,UPI/t2tj203fuv00@axl/P2M/ntdxp9wp@ptbsi/BigBazaar
07/03/2024,201888,1173.57,DR,4647.16,UPI/fp1ap6u5p5bc@ybl/P2M/h5p2bijk@ptbsi/VENNA
07/03/2024,,429.43,DR,4217.73,UPI/kgbre54uivh0@okaxis/P2M/5qbshxhf@ptbsi/VENNA
07/03/2024,637578,1015.97,DR,3201.76,UPI/kmc1at4njq34@ybl/P2M/shzsvyzv@ptbsi/Amazon
06/03/2024,,306.08,DR,2895.68,UPI/qjisdg6uk0wg@oksbi/P2M/pqqdod1q@oksbi/Paytm
06/03/2024,283768,735.98,DR,2159.7,UPI/lkdvotfq7lv9@okaxis/P2M/b0bcvp1w@ptbsi/Edara
06/03/2024,580676,1012.35,DR,1147.35,UPI/xvsy8x97b0dr@oksbi/P2M/niw9phsi@paytm/Airtel
06/03/2024,861503,551.52,DR,595.83,UPI/7j6i0y1pbxsv@okhdfc/P2M/khmhewuv@ptbsi/Airtel
06/03/2024,,1788.72,CR,2384.55,UPI/04tnomdltwyk@okaxis
06/03/2024,746935,502.3,DR,1882.25,UPI/v85yq0u1jbcd@oksbi/P2M/bxc71w8z@ptbsi/Amazon
06/03/2024,668373,669.68,DR,1212.57,UPI/45lhcnavh3th@oksbi/P2M/a2z4z2ye@ptbsi/AxisBank
06/03/2024,,667.05,DR,545.52,UPI/anarm7mrtzax@axl/P2M/r7by06he@ptbyl/Chala
06/03/2024,,451.68,DR,93.84,UPI/r19osysp5t3b@ybl/P2M/6fiiwofe@ptbyl/Amazon
05/03/2024,,4631.84,CR,4725.68,UPI/gw9mum3xuz31@axl
05/03/2024,,1407.63,CR,6133.31,UPI/yolxmk2p2a0r@oksbi
05/03/2024,,593.39,DR,5539.92,UPI/2mbhd65e2b76@paytm/P2M/y03zszyz@ptbyl/Paytm
05/03/2024,,1116.73,CR,6656.65,UPI/7m1m7lfald1v@okhdfc
05/03/2024,832467,934.95,CR,7591.6,UPI/s3vbctwbhww4@axl
05/03/2024,,275.13,CR,7866.73,UPI/epqwmt2543mj@axl
05/03/2024,640978,60.07,DR,7806.66,UPI/twvduczfgs8w@ybl/P2M/7xal6yol@paytm/Edara
05/03/2024,,109.22,DR,7697.44,UPI/jctnpqegem6j@ybl/P2M/646bwss8@ptbsi/Airtel
05/03/2024,,613.59,DR,7083.85,UPI/3s3dpwwffjzr@okaxis/P2M/lq49ufws@paytm/Paytm
05/03/2024,,1192.28,DR,5891.57,UPI/xuomqwzdtdmu@ybl/P2M/1wqjwsoz@paytm/Paytm
05/03/2024,994841,185.24,DR,5706.33,UPI/dv5sn8e246t2@oksbi/P2M/3f5lnmes@ptbyl/BigBazaar
04/03/2024,,74.03,DR,5632.3,UPI/fezp4uc09q7u@axl/P2M/zdeesx72@ptbyl/Airtel
04/03/2024,,1317.49,DR,4314.81,UPI/ubzrscfv4db8@okaxis/P2M/i7fjj54f@ptbyl/Flipkart
04/03/2024,993772,154.78,DR,4160.03,UPI/6lclvlvrxlpv@ybl/P2M/d4jbzjqr@oksbi/Amazon
04/03/2024,193208,917.9,DR,3242.13,UPI/ngv0uwtx1xkg@okhdfc/P2M/7xeedqfa@ptbsi/AxisBank
04/03/2024,873578,1148.33,DR,2093.8,UPI/p4owyrubf2ef@oksbi/P2M/2gd0gpg3@oksbi/Paytm
04/03/2024,,734.28,DR,1359.52,UPI/eghdk2ezl6mf@okhdfc/P2M/xondo6fu@oksbi/AxisBank
04/03/2024,159272,4321.9,CR,5681.42,UPI/ers7v8vs7tka@oksbi
04/03/2024,,1263.71,DR,4417.71,UPI/76ij2r08szik@okhdfc/P2M/qvpml4ei@ptbsi/Airtel
04/03/2024,,1492.01,DR,2925.7,UPI/qymikl8q9iwq@paytm/P2M/qqwvpsiv@ptbsi/Chala
04/03/2024,,1050.64,DR,1875.06,UPI/b94hiqydc68i@okhdfc/P2M/yqsxgw64@paytm/BigBazaar
04/03/2024,477474,1087.57,DR,787.49,UPI/sj3u5laexomh@ybl/P2M/o8zrmob7@ptbsi/Chala
04/03/2024,,437.58,DR,349.91,UPI/r6p7q8khcgej@paytm/P2M/7mhxrmo9@ptbyl/AxisBank
03/03/2024,,10.19,DR,339.72,UPI/g2q6edp4qym8@oksbi/P2M/zjoplvxm@ptbsi/Amazon
03/03/2024,487916,152.4,DR,187.32,UPI/5jozktrv8831@paytm/P2M/0gtp3ti0@oksbi/Amazon
02/03/2024,,2224.19,CR,2411.51,UPI/6v7mmwzr455e@paytm
02/03/2024,249619,801.37,DR,1610.14,UPI/u12tzt6jovkg@paytm/P2M/ynb1xbiv@paytm/Paytm
02/03/2024,911470,158.42,DR,1451.72,UPI/i8kuepily47k@okhdfc/P2M/qzbhbi9q@oksbi/Edara
02/03/2024,562601,888.28,DR,563.44,UPI/jdrsqjey8fwz@ybl/P2M/2urowxd0@paytm/AxisBank
02/03/2024,933412,87.28,DR,476.16,UPI/s03j10ietmrz@paytm/P2M/3mu5jsls@oksbi/Chala
02/03/2024,401492,355.9,DR,120.26,UPI/keutekrfea74@axl/P2M/2lyj69ic@ptbsi/AxisBank
01/03/2024,577097,4312.93,CR,4433.19,UPI/7bbxef4aom8i@okaxis
01/03/2024,,599.52,DR,3833.67,UPI/qja72ngmibsb@ybl/P2M/etmo3y6y@ptbyl/AxisBank
01/03/2024,908601,739.37,DR,3094.3,UPI/n4iivh01io7z@okaxis/P2M/unv9yfsj@oksbi/Edara
01/03/2024,,919.73,DR,2174.57,UPI/otz27eaf59yk@oksbi/P2M/ov506ljr@paytm/Amazon
01/03/2024,,1277.89,DR,896.68,UPI/c4r4q2x5x50r@okhdfc/P2M/jsa09ta9@ptbyl/BigBazaar
01/03/2024,,163.54,DR,733.14,UPI/r73sov8i0glh@paytm/P2M/eetmuolx@ptbyl/Paytm
01/03/2024,598309,634.45,DR,98.69,UPI/q65yjni0wxez@oksbi/P2M/e7amg883@ptbsi/Chala
01/03/2024,,1708.25,CR,1806.94,UPI/h81trbj2jg01@okhdfc
