Date,Instrument ID,Amount,Type,Balance,Remarks
31/12/2020,952867,77.4,DR,936.41,UPI/lsxyxpejyeyl@ybl/P2M/xwydo0dx@oksbi/Amazon
31/12/2020,,1664.94,CR,2601.35,UPI/du77g44udh27@okhdfc
31/12/2020,372220,976.22,DR,1625.13,UPI/xsmd6cm2q3c7@axl/P2M/ipclmt9c@paytm/Flipkart
31/12/2020,,848.75,DR,776.38,UPI/zspw3zw5vrbe@oksbi/P2M/dj6d5hly@oksbi/Amazon
31/12/2020,,1596.05,CR,2372.43,UPI/jk0hg0ypwdq0@oksbi
31/12/2020,,3276.08,CR,5648.51,UPI/yqcqzb03shxa@ybl
31/12/2020,,1146.84,DR,4501.67,UPI/hvvr4dri3sm5@okhdfc/P2M/637yjqxw@oksbi/Edara
31/12/2020,563982,256.1,DR,4245.57,UPI/86h4anwspkz2@okaxis/P2M/1ucg57vo@ptbsi/Flipkart
31/12/2020,184510,564.65,DR,3680.92,UPI/kax2hkp1qrck@ybl/P2M/5q2codck@oksbi/VENNA
31/12/2020,,1390.3,DR,2290.62,UPI/i7ea8o2urnd7@ybl/P2M/odn61mmv@ptbsi/Edara
31/12/2020,,332.84,DR,1957.78,UPI/9gx5veza8ynn@ybl/P2M/9m54kjhz@ptbsi/Paytm
31/12/2020,,362.31,DR,1595.47,UPI/k6oyz9bg2tzz@okhdfc/P2M/3tyvfm7b@paytm/AxisBank
31/12/2020,,999.36,DR,596.11,UPI/a46ymmznc1sf@okhdfc/P2M/mycvyuvl@oksbi/BigBazaar
30/12/2020,,1597.89,CR,2194.0,UPI/t6iohaah8yx9@axl
30/12/2020,,293.36,DR,1900.64,UPI/580feljzve39@axl/P2M/dh78u97i@ptbyl/BigBazaar
30/12/2020,603590,805.01,DR,1095.63,UPI/zmkytnw4rids@ybl/P2M/m31h2go3@paytm/AxisBank
30/12/2020,,304.89,DR,790.74,UPI/v38niuo4tft0@axl/P2M/kldnpdyr@ptbyl/Airtel
30/12/2020,,605.93,DR,184.81,UPI/cx7kr6ywybso@okhdfc/P2M/hem6zye6@oksbi/AxisBank
29/12/2020,,114.67,DR,70.14,UPI/2uxadgbi6fo3@okhdfc/P2M/3e51r1wx@ptbsi/Edara
29/12/2020,,1227.97,CR,1298.11,UPI/i0tx0zb0o0ma@paytm
29/12/2020,386950,1080.59,DR,217.52,UPI/16ohij7vykk1@okhdfc/P2M/b6a3e4t8@ptbsi/Edara
29/12/2020,,4556.44,CR,4773.96,UPI/52gbhchw6nty@oksbi
29/12/2020,896046,637.89,DR,4136.07,UPI/budhzsi3s5d1@ybl/P2M/7ffc9nyj@ptbsi/Flipkart
29/12/2020,150217,4113.18,CR,8249.25,UPI/kszko12orktv@okhdfc
29/12/2020,,132.77,DR,8116.48,UPI/gqvexkpxi6mp@axl/P2M/nyu2b7u5@oksbi/Flipkart
28/12/2020,927722,588.64,DR,7527.84,UPI/cw51qwq1jhic@paytm/P2M/r0e2vmnf@ptbsi/Paytm
28/12/2020,142867,1368.9,DR,6158.94,UPI/ddanwqpogq5c@axl/P2M/zybtj26v@ptbsi/Airtel
28/12/2020,,1097.95,DR,5060.99,UPI/mvogbh79l6p5@axl/P2M/a4vvsyof@ptbsi/Amazon
28/12/2020,,1488.02,DR,3572.97,UPI/dlrwnni07xzw@ybl/P2M/i9f99oez@paytm/Chala
28/12/2020,,1315.98,DR,2256.99,UPI/brwva7xc7xvx@paytm/P2M/hhoudpu2@oksbi/AxisBank
28/12/2020,,946.89,DR,1310.1,UPI/9iftxtkqwpij@paytm/P2M/3tip4hcf@ptbsi/BigBazaar
28/12/2020,,108.35,CR,1418.45,UPI/ep3fayslbfp8@okhdfc
28/12/2020,,855.81,DR,562.64,UPI/bgxyr3vwn2qb@okaxis/P2M/hdjmmhr6@ptbsi/Edara
28/12/2020,,421.58,DR,141.06,UPI/36s5jn46bnwu@okhdfc/P2M/gq8c0a5s@oksbi/Amazon
28/12/2020,,50.09,DR,90.97,UPI/jvkx729na2uc@oksbi/P2M/rn6b4grr@oksbi/Paytm
28/12/2020,,4364.69,CR,4455.66,UPI/w7llamh8inw3@axl
28/12/2020,,572.2,DR,3883.46,UPI/12wnak12cln2@axl/P2M/qwbfo5q0@ptbsi/Chala
27/12/2020,,1101.09,DR,2782.37,UPI/c9s24vkhtdue@okhdfc/P2M/67umi4i0@oksbi/Paytm
27/12/2020,,554.15,DR,2228.22,UPI/7qo6vghtkqt7@oksbi/P2M/n1ss7dhp@oksbi/Airtel
27/12/2020,198190,4572.94,CR,6801.16,UPI/hqks1rthnqc3@axl
27/12/2020,143164,42.0,DR,6759.16,UPI/w4997xkn77ih@ybl/P2M/q5jmjosq@ptbsi/Edara
27/12/2020,,1397.07,DR,5362.09,UPI/oog5o667v8g9@axl/P2M/kv992tct@ptbsi/Airtel
27/12/2020,,238.66,DR,5123.43,UPI/vxy05k3vendo@paytm/P2M/55bj51ar@ptbsi/Amazon
27/12/2020,,300.08,DR,4823.35,UPI/bgwba1kha96d@ybl/P2M/cd3jcxjx@ptbsi/AxisBank
27/12/2020,404437,161.13,DR,4662.22,UPI/13ke791015c5@paytm/P2M/vbl0v2rs@oksbi/Amazon
27/12/2020,,575.71,CR,5237.93,UPI/n2hbbehlcyrb@oksbi
27/12/2020,,655.42,DR,4582.51,UPI/aofwd5c957hd@axl/P2M/sxafvzl2@ptbyl/Chala
27/12/2020,,295.31,DR,4287.2,UPI/zr6lf0ric6li@axl/P2M/5421xkn8@ptbyl/Amazon
27/12/2020,,427.61,DR,3859.59,UPI/g0ki3qz66t2g@okhdfc/P2M/4qigdjuf@paytm/Paytm
27/12/2020,,1477.37,DR,2382.22,UPI/amhv6vuzpyuz@oksbi/P2M/kkoxiuh0@oksbi/Flipkart
27/12/2020,,1138.45,DR,1243.77,UPI/lwpldnx9jg9n@okhdfc/P2M/lzt91h38@ptbyl/Chala
27/12/2020,,279.22,DR,964.55,UPI/mqj6s6ly2au2@okaxis/P2M/h6s6k4a2@paytm/Flipkart
26/12/2020,,680.49,DR,284.06,UPI/o8l2w0afi7zw@paytm/P2M/e85l88hb@ptbsi/Chala
25/12/2020,532510,176.85,DR,107.21,UPI/lxf95pw99a1v@okhdfc/P2M/gtu25n5x@ptbsi/VENNA
25/12/2020,179743,2317.93,CR,2425.14,UPI/jrfvg7wlu0e1@axl
25/12/2020,290125,265.88,DR,2159.26,UPI/hfuqsz5b7lob@okhdfc/P2M/0tg9s0n8@ptbsi/BigBazaar
25/12/2020,953843,1477.93,DR,681.33,UPI/q09m78kht0p5@okhdfc/P2M/7jmm03bq@oksbi/Paytm
24/12/2020,,433.43,DR,247.9,UPI/h4t2cn33mjax@oksbi/P2M/emci0fel@oksbi/BigBazaar
24/12/2020,,2286.76,CR,2534.66,UPI/kobywvwxfv3z@ybl
24/12/2020,,564.59,DR,1970.07,UPI/816f9uk503r2@axl/P2M/wp2jnoot@paytm/AxisBank
24/12/2020,934832,1338.5,DR,631.57,UPI/1lq08v3z4lhk@oksbi/P2M/dd6bp231@ptbyl/VENNA
24/12/2020,,535.03,DR,96.54,UPI/vt9chwqdrj7m@okaxis/P2M/9qboxmeg@oksbi/AxisBank
23/12/2020,725767,89.79,DR,6.75,UPI/83dhp8q6qlqd@paytm/P2M/59myx500@paytm/Paytm
23/12/2020,687361,3374.02,CR,3380.77,UPI/9kttolb2ph9b@paytm
23/12/2020,740087,77.63,DR,3303.14,UPI/r11gorkrsptz@okaxis/P2M/v3vviqzn@ptbsi/BigBazaar
23/12/2020,,671.07,DR,2632.07,UPI/6rt9sjrkk87u@axl/P2M/11axji4k@paytm/BigBazaar
23/12/2020,,443.9,DR,2188.17,UPI/9byko72uv6x9@oksbi/P2M/61z2mf5t@oksbi/AxisBank
22/12/2020,,587.15,DR,1601.02,UPI/rcf4s5xfolec@okhdfc/P2M/cvhtqh91@ptbsi/Paytm
22/12/2020,687566,1027.62,DR,573.4,UPI/xbusthrky5pm@ybl/P2M/wiwhqxdn@ptbyl/BigBazaar
22/12/2020,969959,205.93,CR,779.33,UPI/w9rdio2lljca@okhdfc
22/12/2020,169526,686.72,DR,92.61,UPI/cloimgujccqx@oksbi/P2M/xc65h7ki@paytm/Paytm
22/12/2020,,1176.26,CR,1268.87,UPI/5foeq18q37xe@okhdfc
22/12/2020,648739,679.46,DR,589.41,UPI/aan8vxa9aigy@okhdfc/P2M/nr72j9x0@paytm/AxisBank
22/12/2020,251011,460.93,CR,1050.34,UPI/p4xm49pwpbas@axl
22/12/2020,,180.44,DR,869.9,UPI/rtxsidc4c9nb@axl/P2M/afcdnmll@ptbsi/Paytm
22/12/2020,793501,539.69,DR,330.21,UPI/lzjt3d600b1b@okhdfc/P2M/9wxf3t9v@paytm/Chala
21/12/2020,,136.38,DR,193.83,UPI/bi3d30zf9jq3@ybl/P2M/wn854r5i@oksbi/Chala
21/12/2020,,4110.59,CR,4304.42,UPI/r6ai8d2aoypo@okaxis
21/12/2020,,670.01,DR,3634.41,UPI/i9xi58vuot16@ybl/P2M/x39jocnm@oksbi/AxisBank
21/12/2020,847047,2308.06,CR,5942.47,UPI/wuofmpnoh69t@oksbi
21/12/2020,403280,1152.38,DR,4790.09,UPI/a2wv52icg070@axl/P2M/jo9yar49@paytm/Flipkart
21/12/2020,447349,162.97,DR,4627.12,UPI/x7msom7fkzmz@paytm/P2M/l97pd8s2@ptbsi/Amazon
21/12/2020,,2639.05,CR,7266.17,UPI/wj5jnqc26f39@paytm
21/12/2020,,4146.54,CR,11412.71,UPI/el83tvmsiw7g@okaxis
21/12/2020,142492,473.32,DR,10939.39,UPI/nioz5vk9zjc4@okaxis/P2M/iy2nvzk1@ptbyl/Airtel
21/12/2020,,896.65,DR,10042.74,UPI/tpbuok0kiftj@okaxis/P2M/y1k4j53n@oksbi/Airtel
21/12/2020,271420,848.68,DR,9194.06,UPI/9uxnpnxeo00h@oksbi/P2M/3va82trd@ptbsi/Edara
21/12/2020,720711,735.31,DR,8458.75,UPI/tzbws4e3pszu@okaxis/P2M/abba1pkc@oksbi/Edara
21/12/2020,276127,1374.72,DR,7084.03,UPI/ykwmb9hl5cdo@oksbi/P2M/2gmfnrg9@oksbi/Amazon
21/12/2020,,1223.64,DR,5860.39,UPI/vgmft9pzwam4@paytm/P2M/xj3kf2lv@ptbsi/Edara
21/12/2020,,1121.16,DR,4739.23,UPI/73wu20xe1ue5@axl/P2M/mejzpetb@ptbyl/VENNA
20/12/2020,,968.74,DR,3770.49,UPI/6gsudk9broiv@axl/P2M/e4gavf1n@ptbyl/Amazon
20/12/2020,,669.87,DR,3100.62,UPI/nmgp7hl4gvzg@ybl/P2M/47bn4ou8@paytm/Flipkart
20/12/2020,591116,4919.15,CR,8019.77,UPI/n5xcb8wjx2j5@okhdfc
20/12/2020,,2985.47,CR,11005.24,UPI/i7hogy09yez8@ybl
20/12/2020,948611,729.54,DR,10275.7,UPI/zq0wt394tq7z@paytm/P2M/s8tfir63@oksbi/Airtel
20/12/2020,,866.86,DR,9408.84,UPI/8i7z9v2xi88d@oksbi/P2M/qqifbagj@paytm/Paytm
20/12/2020,793156,1364.14,DR,8044.7,UPI/othdnw1qlwx1@paytm/P2M/q21e98g4@ptbsi/AxisBank
20/12/2020,,302.97,DR,7741.73,UPI/r9cvo0p8pr8u@okaxis/P2M/8b6ig31i@oksbi/Airtel
20/12/2020,,1254.24,DR,6487.49,UPI/3q054wwdftgu@okhdfc/P2M/02lo3i1o@ptbyl/Amazon
20/12/2020,,1370.52,DR,5116.97,UPI/sg36azt4ztw9@ybl/P2M/7tmz8ahm@ptbyl/AxisBank
20/12/2020,,51.88,DR,5065.09,UPI/nuorthgxck9t@ybl/P2M/fk7h68c7@oksbi/Edara
20/12/2020,,14.15,DR,5050.94,UPI/b5koey4df89a@oksbi/P2M/f28tki10@oksbi/VENNA
20/12/2020,,471.74,DR,4579.2,UPI/qr5pm4i6dpgj@okhdfc/P2M/z44kbfcq@ptbyl/VENNA
20/12/2020,,120.05,DR,4459.15,UPI/4n5z0lajemu7@oksbi/P2M/3na7h7ma@oksbi/Paytm
20/12/2020,,1432.14,DR,3027.01,UPI/2e5p8b5soovh@paytm/P2M/4g90qqso@ptbsi/BigBazaar
19/12/2020,538038,691.18,DR,2335.83,UPI/n3b3z53oal7v@oksbi/P2M/y2s71dcv@ptbyl/Airtel
19/12/2020,,4942.79,CR,7278.62,UPI/4u4fqiozeocw@ybl
19/12/2020,958209,158.22,DR,7120.4,UPI/ll0mnhmeds8j@ybl/P2M/tnbwgfik@oksbi/Amazon
19/12/2020,,1293.44,DR,5826.96,UPI/6b9q4wyz2um8@axl/P2M/iq6lht16@oksbi/Flipkart
19/12/2020,,586.99,DR,5239.97,UPI/0p0e92802osx@okaxis/P2M/q9v8k0gk@ptbyl/AxisBank
19/12/2020,,286.41,DR,4953.56,UPI/bebmd38be1fh@paytm/P2M/4isxk6zv@oksbi/BigBazaar
19/12/2020,,1085.38,DR,3868.18,UPI/llymoke0b8ku@paytm/P2M/keo9ocjk@oksbi/BigBazaar
19/12/2020,350584,370.57,DR,3497.61,UPI/n9oyjblbxh24@okhdfc/P2M/13yybyzx@paytm/Airtel
19/12/2020,973636,894.49,DR,2603.12,UPI/scurfk5l2k6d@ybl/P2M/osr26zzf@paytm/Paytm
19/12/2020,,762.45,DR,1840.67,UPI/2c4qgxfmgxtj@ybl/P2M/jiq0dfcf@ptbsi/Amazon
19/12/2020,539075,1152.7,DR,687.97,UPI/k06i8wfkduov@okhdfc/P2M/g32eqvfu@oksbi/Chala
19/12/2020,957508,357.0,DR,330.97,UPI/s4uary94ymsd@oksbi/P2M/xsvfh1zm@oksbi/Amazon
19/12/2020,894538,272.75,DR,58.22,UPI/oez225rjw762@oksbi/P2M/g3y19xw3@ptbsi/Airtel
18/12/2020,304055,2985.46,CR,3043.68,UPI/xdtkqh3hcjod@oksbi
18/12/2020,420185,611.47,DR,2432.21,UPI/12j6uiigugpp@okaxis/P2M/dheaoqlk@oksbi/Amazon
18/12/2020,160161,150.49,DR,2281.72,UPI/kxquw151kj6b@axl/P2M/zopyx8v8@ptbsi/AxisBank
18/12/2020,485364,867.38,DR,1414.34,UPI/n97cbgyivu60@okhdfc/P2M/b9guokbu@ptbyl/Chala
18/12/2020,,842.59,DR,571.75,UPI/87oo67g0l3ig@okhdfc/P2M/s9mycal5@paytm/Paytm
17/12/2020,,1295.33,CR,1867.08,UPI/pr0r5d4pcbda@oksbi
17/12/2020,,1358.95,DR,508.13,UPI/y2gl3azofj4r@okaxis/P2M/chzb6euc@paytm/AxisBank
17/12/2020,,2875.01,CR,3383.14,UPI/6hg0y80lj1nn@oksbi
17/12/2020,334719,1431.83,DR,1951.31,UPI/28du4leyytsl@ybl/P2M/a38qra93@ptbsi/Edara
17/12/2020,,1095.82,DR,855.49,UPI/434z91z09im0@paytm/P2M/hapf9mln@ptbsi/VENNA
17/12/2020,,488.67,CR,1344.16,UPI/krluzr59csa8@axl
17/12/2020,,791.43,DR,552.73,UPI/qz5pxo1nkn4x@paytm/P2M/eji41evo@ptbsi/Airtel
17/12/2020,,4863.89,CR,5416.62,UPI/y0r0se11b453@ybl
17/12/2020,217299,232.15,DR,5184.47,UPI/bvzwc6doc5h3@paytm/P2M/cnrsz90k@ptbyl/Amazon
16/12/2020,,592.45,DR,4592.02,UPI/byt9ndom9co4@oksbi/P2M/g82ae6ll@paytm/Chala
16/12/2020,,1108.31,DR,3483.71,UPI/dvi5fevcqam0@oksbi/P2M/6ixxj534@oksbi/VENNA
16/12/2020,,1456.9,DR,2026.81,UPI/e3oslnbsbzk4@paytm/P2M/7212pwz3@ptbsi/Amazon
16/12/2020,848856,831.75,DR,1195.06,UPI/o6tjxykf3tvk@axl/P2M/f62leusm@ptbsi/VENNA
16/12/2020,745794,71.98,DR,1123.08,UPI/xnmiin0arbey@axl/P2M/xyobd29c@ptbsi/VENNA
16/12/2020,767487,990.65,DR,132.43,UPI/9cef3fusimmj@paytm/P2M/078e8fif@oksbi/Airtel
16/12/2020,,4152.52,CR,4284.95,UPI/ya8c4a2xgsxd@okhdfc
15/12/2020,,1413.45,DR,2871.5,UPI/tk2rdbvisv4b@okaxis/P2M/6kwwa86w@paytm/AxisBank
15/12/2020,592531,855.83,DR,2015.67,UPI/ta8hqi6lr4o5@axl/P2M/1n6s0gyc@oksbi/AxisBank
15/12/2020,,1230.43,DR,785.24,UPI/5v1ta9bvkqlr@okhdfc/P2M/gx4u9b9p@oksbi/Edara
15/12/2020,,468.82,DR,316.42,UPI/hc4gbfa4ygbo@axl/P2M/kjvyws8u@paytm/Edara
15/12/2020,,2123.58,CR,2440.0,UPI/t9hjjwtzvoch@paytm
15/12/2020,414973,1148.67,DR,1291.33,UPI/b9gt05wb2buq@ybl/P2M/hm7bnh6d@ptbsi/Amazon
15/12/2020,,305.79,DR,985.54,UPI/svb9yjj66l18@okhdfc/P2M/9qbnf2v6@paytm/Flipkart
15/12/2020,,91.22,DR,894.32,UPI/3vja9txvp8dx@axl/P2M/n73mgmni@paytm/Amazon
15/12/2020,764077,630.52,DR,263.8,UPI/zmn19u1fm1qc@okaxis/P2M/8s0t3yjh@paytm/BigBazaar
14/12/2020,,594.5,CR,858.3,UPI/7g5a5zmb8ath@ybl
14/12/2020,,759.6,DR,98.7,UPI/0rb6c7hnjejz@oksbi/P2M/z976f1s0@ptbyl/Airtel
14/12/2020,937579,3996.42,CR,4095.12,UPI/g5y0imj8pmo8@okhdfc
14/12/2020,,1409.27,DR,2685.85,UPI/nd9f9ygs3x8r@axl/P2M/u2wllrz3@ptbsi/VENNA
14/12/2020,486273,461.13,DR,2224.72,UPI/chiz3vp5p1pp@ybl/P2M/ne7ptp8p@paytm/BigBazaar
13/12/2020,,214.15,DR,2010.57,UPI/ec65fd4lwhse@ybl/P2M/35ziw5x3@ptbyl/Airtel
13/12/2020,917653,779.69,DR,1230.88,UPI/5wiv3fft7ohy@axl/P2M/8gu0j4j0@ptbsi/VENNA
13/12/2020,465700,612.28,DR,618.6,UPI/g06dooy8msl3@okhdfc/P2M/wfgvoqe4@ptbsi/BigBazaar
13/12/2020,,16.02,DR,602.58,UPI/avw1jghunmjq@okhdfc/P2M/er5mxulo@ptbyl/AxisBank
13/12/2020,,977.73,CR,1580.31,UPI/1wunmtnlqkho@paytm
13/12/2020,,1068.27,DR,512.04,UPI/xmxl42g0zcuu@oksbi/P2M/awkak7bo@ptbsi/AxisBank
13/12/2020,,500.37,DR,11.67,UPI/8iil8up4yzox@ybl/P2M/nzlf9rvn@ptbsi/Amazon
13/12/2020,,3264.68,CR,3276.35,UPI/u28lxu41v3d6@okaxis
13/12/2020,,1004.49,DR,2271.86,UPI/vwet5tnwlsk8@axl/P2M/xkrcu0wu@oksbi/Paytm
13/12/2020,223447,1463.88,DR,807.98,UPI/p4gj32dog868@okaxis/P2M/b33uktls@paytm/Flipkart
13/12/2020,510958,1828.67,CR,2636.65,UPI/aj9ulx8yue2l@axl
13/12/2020,,561.78,DR,2074.87,UPI/u00b6xraco81@okhdfc/P2M/iogvho6c@ptbyl/VENNA
12/12/2020,,925.0,DR,1149.87,UPI/xif5rnabumlg@axl/P2M/5j1olvd6@ptbsi/Chala
12/12/2020,964064,384.25,DR,765.62,UPI/ge8k830xwlng@oksbi/P2M/edhioyrz@ptbyl/Edara
12/12/2020,,4537.93,CR,5303.55,UPI/sy7220nibqep@okaxis
12/12/2020,,1080.7,DR,4222.85,UPI/n2e3kacxujjr@oksbi/P2M/lo2mbefv@paytm/Amazon
12/12/2020,,1761.17,CR,5984.02,UPI/i7d1nfmxydfi@axl
12/12/2020,542245,412.19,DR,5571.83,UPI/p8637cb9ya6q@paytm/P2M/a0dq908j@oksbi/BigBazaar
12/12/2020,,114.26,DR,5457.57,UPI/ehiozcat0var@axl/P2M/i2gnwqr4@ptbsi/BigBazaar
12/12/2020,,249.19,DR,5208.38,UPI/tvxxl9ldkibv@paytm/P2M/9w988s55@ptbsi/VENNA
12/12/2020,,2529.29,CR,7737.67,UPI/sqc93aw60xt4@axl
12/12/2020,,1362.84,DR,6374.83,UPI/awye6m6kar3t@okaxis/P2M/h2z356l9@ptbsi/Flipkart
12/12/2020,,474.38,DR,5900.45,UPI/xv8bjtcei5up@okhdfc/P2M/uegkh6e9@ptbsi/Edara
12/12/2020,,940.85,DR,4959.6,UPI/dr3b8d1q9bfy@ybl/P2M/4shhk546@ptbyl/Airtel
12/12/2020,181157,12.53,DR,4947.07,UPI/1b18sn32e79n@okhdfc/P2M/5yx9n0vu@ptbsi/Edara
12/12/2020,,4868.97,CR,9816.04,UPI/jzel4s5gkm6q@okhdfc
11/12/2020,123847,962.43,DR,8853.61,UPI/nnuxzm2jfanu@paytm/P2M/5m66vcm5@paytm/AxisBank
11/12/2020,175618,835.67,DR,8017.94,UPI/52o1goh2b3cy@okhdfc/P2M/4ra0f3wv@ptbyl/Paytm
11/12/2020,,1000.59,DR,7017.35,UPI/81zqfjw86rsh@ybl/P2M/ds2ftdbx@ptbsi/VENNA
11/12/2020,,1178.34,DR,5839.01,UPI/8ixue40aztfe@okhdfc/P2M/tlglsw9i@oksbi/Airtel
11/12/2020,413178,157.98,DR,5681.03,UPI/wq8ttwsvgk00@axl/P2M/rsckaaly@oksbi/BigBazaar
11/12/2020,,572.19,CR,6253.22,UPI/cv151h8xp20g@okhdfc
11/12/2020,819465,1044.33,DR,5208.89,UPI/ka3jclkopiu7@oksbi/P2M/tj1evm1j@ptbyl/Edara
11/12/2020,320313,1107.64,DR,4101.25,UPI/gcrhcbk0enrz@okhdfc/P2M/oydpokau@ptbsi/Flipkart
11/12/2020,,1383.14,DR,2718.11,UPI/rd60ijq174iq@ybl/P2M/hewm37jc@paytm/Flipkart
11/12/2020,350597,438.18,DR,2279.93,UPI/4k2s2xj72n0z@paytm/P2M/n6iu49r5@ptbsi/Amazon
11/12/2020,838355,435.52,DR,1844.41,UPI/excv681chzno@okhdfc/P2M/k4tvre5p@oksbi/AxisBank
11/12/2020,,381.63,DR,1462.78,UPI/ggkex33p4rsb@okaxis/P2M/zl2kxdgh@oksbi/VENNA
11/12/2020,,564.1,DR,898.68,UPI/j3wsmb3rz6qw@okaxis/P2M/io7yl04b@ptbsi/Amazon
11/12/2020,523767,465.53,DR,433.15,UPI/cvfh9khwatm6@oksbi/P2M/fejrxsyz@paytm/VENNA
10/12/2020,,3140.81,CR,3573.96,UPI/7wejf1rgm13v@axl
10/12/2020,,1400.64,DR,2173.32,UPI/51fjqxeyotwh@axl/P2M/924tgr0s@ptbsi/BigBazaar
10/12/2020,888375,171.69,DR,2001.63,UPI/g4rjv40zzzn1@okhdfc/P2M/i7gw3e16@ptbsi/Amazon
10/12/2020,921599,481.12,DR,1520.51,UPI/6q1eecehklca@oksbi/P2M/bmunzorx@ptbyl/Paytm
10/12/2020,224297,833.83,DR,686.68,UPI/hulqvu1e8bsz@paytm/P2M/msfgh134@oksbi/VENNA
10/12/2020,,186.05,DR,500.63,UPI/lor9dfvph0dn@paytm/P2M/45jver0b@paytm/Airtel
10/12/2020,300203,34.23,DR,466.4,UPI/5j3ctyk3wu0c@paytm/P2M/usjqwakm@ptbyl/AxisBank
10/12/2020,,11.27,DR,455.13,UPI/drzqubzrvykc@okaxis/P2M/qw7ka8ve@ptbsi/Flipkart
09/12/2020,894040,513.21,CR,968.34,UPI/qhwqyftu740a@ybl
09/12/2020,952683,3575.45,CR,4543.79,UPI/lz48tsxgsj57@paytm
09/12/2020,440195,550.91,DR,3992.88,UPI/msjedwubx2mo@okaxis/P2M/kokfwaq9@ptbsi/Airtel
09/12/2020,505492,613.87,DR,3379.01,UPI/3q3684npwkt0@oksbi/P2M/tx4b3c4e@paytm/Flipkart
09/12/2020,,1322.76,DR,2056.25,UPI/mg0qge9l7y4w@oksbi/P2M/j7p5s1ax@oksbi/Flipkart
09/12/2020,,101.25,DR,1955.0,UPI/qd7p9o5s59bm@okaxis/P2M/mzddlki4@ptbsi/Amazon
09/12/2020,755535,553.38,DR,1401.62,UPI/llx6uu301fqw@axl/P2M/ahgkhikd@oksbi/Flipkart
09/12/2020,647662,1200.28,DR,201.34,UPI/28jvn36crezs@oksbi/P2M/stl7d4ar@oksbi/VENNA
09/12/2020,,635.91,CR,837.25,UPI/spzx10v36j7p@okaxis
09/12/2020,964148,580.67,DR,256.58,UPI/l5sgreuj3lbq@ybl/P2M/j70sfunm@ptbsi/Airtel
08/12/2020,,60.57,DR,196.01,UPI/6tbgjepii4s4@axl/P2M/uj9734kt@ptbsi/AxisBank
08/12/2020,992059,1557.9,CR,1753.91,UPI/tg2ip38v6s8w@ybl
08/12/2020,849772,102.18,DR,1651.73,UPI/hk1h9nztkkxi@okhdfc/P2M/04zptc8j@ptbyl/AxisBank
08/12/2020,,1195.84,DR,455.89,UPI/9rcygtulvf9u@axl/P2M/2npvvsra@oksbi/BigBazaar
08/12/2020,,1541.86,CR,1997.75,UPI/z5j3kaemy8zi@oksbi
08/12/2020,221001,678.72,DR,1319.03,UPI/by0t3r60gh3a@oksbi/P2M/t9qjyzy5@paytm/AxisBank
08/12/2020,,1257.27,DR,61.76,UPI/937wit42or5b@axl/P2M/ipu92ox3@ptbyl/BigBazaar
07/12/2020,691705,135.94,CR,197.7,UPI/60tsqoq0i6uv@paytm
07/12/2020,,72.87,DR,124.83,UPI/vfp7hl6boyvr@oksbi/P2M/ge1rt8tj@ptbyl/Flipkart
07/12/2020,791273,999.1,CR,1123.93,UPI/fkp2dwk4a519@okaxis
07/12/2020,,818.85,DR,305.08,UPI/27314uf07jen@okaxis/P2M/p8u8cxku@paytm/Flipkart
07/12/2020,759110,3002.58,CR,3307.66,UPI/ysjl8tb7mcdf@okhdfc
07/12/2020,418803,320.37,DR,2987.29,UPI/fjqwo3fs1267@okaxis/P2M/czhidlyy@ptbyl/Flipkart
07/12/2020,,1017.81,DR,1969.48,UPI/78aozoqfvg6a@okaxis/P2M/k3xx7xyx@ptbyl/BigBazaar
07/12/2020,733631,3638.61,CR,5608.09,UPI/pvumvxexy14s@okaxis
06/12/2020,,1461.64,DR,4146.45,UPI/dgm4fqi73zjp@ybl/P2M/3vfb8ppv@paytm/Edara
06/12/2020,560083,793.17,DR,3353.28,UPI/gdx6lchivres@axl/P2M/rfem53an@paytm/VENNA
06/12/2020,,573.9,DR,2779.38,UPI/9rnbn9tj40pz@ybl/P2M/hcmjh9zz@paytm/Edara
06/12/2020,,116.81,DR,2662.57,UPI/qvwabb77608g@ybl/P2M/52onrxhc@oksbi/Flipkart
06/12/2020,,974.25,DR,1688.32,UPI/ywl0lmorciys@ybl/P2M/lp0i2s1p@ptbsi/Amazon
06/12/2020,,2860.11,CR,4548.43,UPI/mma17gkjgphf@paytm
06/12/2020,920406,732.5,DR,3815.93,UPI/0emw2yy4g0lj@oksbi/P2M/1g3yc62y@ptbsi/Chala
06/12/2020,,334.9,DR,3481.03,UPI/ao6rmf25ktfj@oksbi/P2M/piofvgzz@oksbi/Paytm
06/12/2020,311694,3730.88,CR,7211.91,UPI/stvksgl6g86q@paytm
06/12/2020,,4610.2,CR,11822.11,UPI/tlagsf2fg4tv@okaxis
06/12/2020,,788.97,DR,11033.14,UPI/0fyr9cjdfhf5@okhdfc/P2M/7veuyrb9@paytm/VENNA
06/12/2020,386055,559.3,DR,10473.84,UPI/kwo7qfdbnzca@paytm/P2M/og4902zh@ptbsi/Chala
06/12/2020,,307.1,DR,10166.74,UPI/dg7sjl3jgry4@okhdfc/P2M/txkpr38r@paytm/Chala
06/12/2020,,982.33,DR,9184.41,UPI/h7tt1xfso7b4@axl/P2M/5q78zdvg@paytm/Paytm
06/12/2020,865856,344.68,DR,8839.73,UPI/tfu1susx3s1r@paytm/P2M/x2ggo7hf@ptbsi/Chala
05/12/2020,262336,1308.93,DR,7530.8,UPI/mwtr4flnyxoz@ybl/P2M/slp27io4@ptbsi/AxisBank
05/12/2020,,3053.19,CR,10583.99,UPI/ckshbansvrfg@ybl
05/12/2020,,480.48,DR,10103.51,UPI/hih2lhv5ztst@axl/P2M/ltq2m57a@paytm/Edara
05/12/2020,,1127.2,DR,8976.31,UPI/p5ts1na8n2zj@ybl/P2M/nvgp5dwm@oksbi/Amazon
05/12/2020,882314,716.08,DR,8260.23,UPI/adgunxhsvjoi@oksbi/P2M/kxzfci6v@ptbsi/Chala
05/12/2020,775928,993.81,CR,9254.04,UPI/6xgmd5bqfqlf@okaxis
05/12/2020,,535.14,DR,8718.9,UPI/x60dlep8g6an@okaxis/P2M/1kif00pw@oksbi/VENNA
05/12/2020,,1229.52,DR,7489.38,UPI/zj6ohkv3sere@okaxis/P2M/zn4aid4g@oksbi/Flipkart
05/12/2020,974436,1481.28,DR,6008.1,UPI/lt4sm3rvtp4s@okaxis/P2M/cbv5srkx@paytm/Paytm
05/12/2020,,4374.51,CR,10382.61,UPI/hoqpce7a3t7s@okaxis
05/12/2020,,1013.01,DR,9369.6,UPI/49g7p9r6ps4k@axl/P2M/h5embxoo@ptbyl/Amazon
05/12/2020,,720.28,DR,8649.32,UPI/x6of72f8ae2h@okaxis/P2M/ry6zpw1i@ptbyl/Chala
05/12/2020,,235.95,DR,8413.37,UPI/gfm1442twtye@axl/P2M/off5oz8u@ptbsi/Chala
05/12/2020,411888,969.54,DR,7443.83,UPI/3eix5k7uqzs6@ybl/P2M/2qo4ki2h@ptbyl/AxisBank
05/12/2020,195081,570.43,DR,6873.4,UPI/r0cxogkohlkw@okhdfc/P2M/oep6f45f@oksbi/Edara
04/12/2020,,162.34,DR,6711.06,UPI/4h4upr844rdx@axl/P2M/bauftvn5@paytm/BigBazaar
04/12/2020,,1711.39,CR,8422.45,UPI/ik85up0lj0gy@okaxis
04/12/2020,,4212.04,CR,12634.49,UPI/4a5y3bv5tgpc@okhdfc
04/12/2020,,1252.76,DR,11381.73,UPI/cervz2ywqavp@ybl/P2M/igtafj5l@ptbsi/Flipkart
04/12/2020,,402.96,DR,10978.77,UPI/y6ze5qiffkg2@okhdfc/P2M/ouvtn2ar@ptbyl/Airtel
04/12/2020,,776.09,DR,10202.68,UPI/hmigf4f2ry7m@okaxis/P2M/u176lt3s@paytm/Amazon
04/12/2020,,1339.44,DR,8863.24,UPI/x1qxmq2y6rqy@paytm/P2M/juzh20j8@ptbyl/Amazon
04/12/2020,575440,1019.81,DR,7843.43,UPI/dlkm65rrebsq@oksbi/P2M/fehy3twg@ptbyl/Paytm
04/12/2020,,461.89,DR,7381.54,UPI/914kbxuq63kn@oksbi/P2M/59pgghdr@ptbyl/Amazon
04/12/2020,911090,96.3,DR,7285.24,UPI/k7p6hqvwd135@okaxis/P2M/8hnqk50k@paytm/Chala
04/12/2020,980866,255.73,DR,7029.51,UPI/tphnpatxzynh@oksbi/P2M/sbfkpyam@ptbyl/Edara
04/12/2020,,378.47,DR,6651.04,UPI/00bfxgsmu2fl@ybl/P2M/dpmt2r8v@oksbi/BigBazaar
04/12/2020,,891.2,DR,5759.84,UPI/0c3322fn13yc@ybl/P2M/dqv9xx2m@paytm/Paytm
04/12/2020,,408.0,DR,5351.84,UPI/mlt86zgfu09c@okaxis/P2M/rqus1myk@oksbi/Edara
04/12/2020,,1384.31,DR,3967.53,UPI/5jcut53xlqbn@ybl/P2M/h84ip6wk@oksbi/Paytm
03/12/2020,474500,1106.89,DR,2860.64,UPI/opbvboiadizy@axl/P2M/swlhonpl@oksbi/Edara
03/12/2020,605207,428.74,CR,3289.38,UPI/64ubj8k7178s@okaxis
03/12/2020,,772.9,DR,2516.48,UPI/g3u0uzv0opm9@axl/P2M/xiw5gcqw@oksbi/Airtel
03/12/2020,628626,919.86,DR,1596.62,UPI/3x6q5rqnbyzd@oksbi/P2M/rbny0f14@paytm/AxisBank
03/12/2020,569262,493.55,DR,1103.07,UPI/xop9rjo583bl@oksbi/P2M/vog95i75@ptbyl/BigBazaar
03/12/2020,,26.36,DR,1076.71,UPI/cka4ngwbqbzw@paytm/P2M/rlpoxx2b@paytm/Amazon
03/12/2020,727794,129.21,DR,947.5,UPI/oxoerr7c0ss9@okhdfc/P2M/pqc0j1gd@ptbyl/VENNA
03/12/2020,773905,284.0,DR,663.5,UPI/29b8myqsb1l4@okhdfc/P2M/xq3kh6ui@ptbsi/Airtel
03/12/2020,,407.66,DR,255.84,UPI/qajo5wlx6pxh@ybl/P2M/ln49o8i3@ptbyl/Edara
03/12/2020,,4588.15,CR,4843.99,UPI/bxpvo603g310@okaxis
03/12/2020,,4833.44,CR,9677.43,UPI/3ug0oyw2dtrf@okhdfc
03/12/2020,,1405.2,DR,8272.23,UPI/erd3kckqxw5g@paytm/P2M/iaorlla7@ptbyl/Amazon
02/12/2020,356031,1039.73,DR,7232.5,UPI/n6gq8ugb7lhc@axl/P2M/85exuqr9@oksbi/Paytm
02/12/2020,,1473.9,CR,8706.4,UPI/tf955cxudtp1@paytm
02/12/2020,129183,62.26,DR,8644.14,UPI/iuxkuwu2w5gh@oksbi/P2M/0xawiux2@paytm/Paytm
02/12/2020,,779.61,CR,9423.75,UPI/8aioup6fi031@okaxis
02/12/2020,447817,161.46,DR,9262.29,UPI/sdda70hls9zh@okaxis/P2M/ri2c5yez@paytm/Airtel
02/12/2020,,663.94,DR,8598.35,UPI/pxtrh7qhxeep@ybl/P2M/g2iqex40@paytm/Airtel
02/12/2020,739922,296.06,DR,8302.29,UPI/bp0r2qw10gsf@ybl/P2M/vkxx6b1k@ptbsi/Chala
02/12/2020,,1039.19,DR,7263.1,UPI/b771967o0mkf@okaxis/P2M/1ampifyt@ptbsi/Edara
02/12/2020,,498.87,DR,6764.23,UPI/wgjs80f9qv4p@axl/P2M/zdi7r9l8@paytm/VENNA
02/12/2020,,529.99,DR,6234.24,UPI/160ymg0wk60s@paytm/P2M/akifm2v0@paytm/Paytm
02/12/2020,,874.14,DR,5360.1,UPI/airytydvpbkr@okaxis/P2M/p9he6ipu@ptbyl/AxisBank
02/12/2020,677187,4582.97,CR,9943.07,UPI/w13bjs4nbcti@okhdfc
02/12/2020,,1682.05,CR,11625.12,UPI/ynqy6h44vhue@okhdfc
02/12/2020,,1134.09,DR,10491.03,UPI/domlqpt021js@ybl/P2M/7mozaads@ptbyl/Airtel
02/12/2020,215430,1378.72,DR,9112.31,UPI/gk5tegfrcpal@ybl/P2M/l1abs8s5@oksbi/Flipkart
01/12/2020,,1148.6,DR,7963.71,UPI/lkxxi8bn0b2y@okhdfc/P2M/4z2ouhi6@paytm/Flipkart
01/12/2020,872904,1411.39,DR,6552.32,UPI/31tibva1d8rh@okaxis/P2M/io69gtoi@paytm/Airtel
01/12/2020,168563,1480.65,DR,5071.67,UPI/e83frnj16ch7@okaxis/P2M/06mg5gum@paytm/Flipkart
01/12/2020,551322,1012.68,DR,4058.99,UPI/9kbyd81pmkey@paytm/P2M/echqka63@paytm/Airtel
01/12/2020,,2109.95,CR,6168.94,UPI/vm0rzfjckdjx@ybl
01/12/2020,296239,37.41,DR,6131.53,UPI/trcz9wm284ke@axl/P2M/4o4or678@ptbyl/Amazon
01/12/2020,201364,757.35,DR,5374.18,UPI/yxyyr33pd925@paytm/P2M/412z1xho@ptbyl/VENNA
01/12/2020,,636.52,DR,4737.66,UPI/q1yeum4p99sr@axl/P2M/3o9dnlmz@oksbi/BigBazaar
01/12/2020,,3401.36,CR,8139.02,UPI/sccisem2swlb@ybl
01/12/2020,,1211.77,DR,6927.25,UPI/nk8u75ch3aoh@okhdfc/P2M/awht7iqf@paytm/AxisBank
01/12/2020,,287.44,DR,6639.81,UPI/hgppje10am62@okaxis/P2M/kgbg2xps@oksbi/Edara
01/12/2020,,4769.98,CR,11409.79,UPI/ktr0ltd55vp6@ybl
01/12/2020,,133.51,DR,11276.28,UPI/dtp3u96uj5qe@axl/P2M/8m26z1ew@paytm/Edara
01/12/2020,,860.37,DR,10415.91,UPI/6d1h7vpq5z8p@oksbi/P2M/w4nyyhl7@ptbyl/Chala
01/12/2020,,1252.18,DR,9163.73,UPI/e5n0nz7nkkln@ybl/P2M/zmmbrs49@ptbyl/AxisBank
30/11/2020,722468,559.09,DR,8604.64,UPI/rf2ysul1l234@okhdfc/P2M/8fyus1k4@oksbi/Paytm
30/11/2020,915193,176.59,DR,8428.05,UPI/ffwe54bjiyeu@ybl/P2M/9v6giof7@ptbsi/Amazon
30/11/2020,205850,688.92,DR,7739.13,UPI/31j5du99j3zn@oksbi/P2M/g97icu6r@ptbyl/AxisBank
30/11/2020,687028,756.35,DR,6982.78,UPI/s7du6sfywuiw@okaxis/P2M/hgalq1p5@oksbi/Edara
30/11/2020,,434.58,CR,7417.36,UPI/0gsxgppwff42@ybl
30/11/2020,217500,147.22,DR,7270.14,UPI/rvuw2yt51v7u@paytm/P2M/c3d64xbz@oksbi/Edara
30/11/2020,,1315.41,DR,5954.73,UPI/2qxcpd9f5cdq@ybl/P2M/svi021ex@oksbi/BigBazaar
30/11/2020,,1398.28,DR,4556.45,UPI/fgyhpdahevsj@oksbi/P2M/6jxb6w6q@ptbsi/Paytm
30/11/2020,,1101.68,DR,3454.77,UPI/2fy0lmmkwjt6@okaxis/P2M/dmeiuqp2@ptbsi/Amazon
30/11/2020,583998,464.8,DR,2989.97,UPI/kqclvcke4kak@paytm/P2M/7mfu4e4r@oksbi/Chala
30/11/2020,,793.03,DR,2196.94,UPI/rencr4c4vwmg@axl/P2M/0s6xevm5@oksbi/BigBazaar
30/11/2020,965249,757.22,DR,1439.72,UPI/mo7vprivo1h8@paytm/P2M/v2h57dfp@ptbyl/BigBazaar
30/11/2020,,225.51,DR,1214.21,UPI/bhkx0hww88x8@paytm/P2M/fivz496a@oksbi/Edara
30/11/2020,,146.46,DR,1067.75,UPI/6befwsshho05@ybl/P2M/90xp26qo@paytm/Amazon
30/11/2020,,848.76,DR,218.99,UPI/yt35gkfq6v7f@oksbi/P2M/b0z8i5v7@oksbi/Amazon
29/11/2020,896269,3758.0,CR,3976.99,UPI/p3xh525banbt@okhdfc
29/11/2020,,4607.63,CR,8584.62,UPI/f38xetjpwhpp@oksbi
29/11/2020,860014,13.33,DR,8571.29,UPI/wylcu4nswqp8@okaxis/P2M/b8o2w96k@ptbyl/VENNA
29/11/2020,,566.83,DR,8004.46,UPI/5j6226bnu320@paytm/P2M/ubec1hk3@ptbyl/Paytm
29/11/2020,251048,40.42,DR,7964.04,UPI/ssfhgzs9joj9@ybl/P2M/mnfc0g42@ptbyl/Paytm
29/11/2020,303545,1194.55,DR,6769.49,UPI/semras48dntr@axl/P2M/74vrbmc2@ptbyl/Amazon
29/11/2020,138130,951.33,DR,5818.16,UPI/4lkhy2dpu3a0@okhdfc/P2M/scf15ce0@ptbsi/VENNA
28/11/2020,,3411.53,CR,9229.69,UPI/0pmrdsh0bk32@okhdfc
28/11/2020,775611,1474.88,DR,7754.81,UPI/w0iayegrdadx@axl/P2M/25cjc43m@oksbi/Chala
28/11/2020,,194.52,DR,7560.29,UPI/xa6alod40k5i@ybl/P2M/glmwyhsd@paytm/Paytm
28/11/2020,,3896.08,CR,11456.37,UPI/t8g52vlpevhn@paytm
28/11/2020,,217.47,DR,11238.9,UPI/e6jqj25vaj6c@ybl/P2M/pbfagwj7@ptbyl/Paytm
28/11/2020,202252,621.0,DR,10617.9,UPI/3znygbwuoklh@oksbi/P2M/edultu2f@oksbi/Chala
28/11/2020,,704.67,DR,9913.23,UPI/fnjud5lyj245@paytm/P2M/rge1ds7a@paytm/Chala
28/11/2020,,903.55,DR,9009.68,UPI/64xgud46bxiv@oksbi/P2M/kdnsbtxp@oksbi/Amazon
28/11/2020,,29.57,DR,8980.11,UPI/1omrkipri37r@oksbi/P2M/m4vdh4qo@paytm/Edara
28/11/2020,433023,694.96,DR,8285.15,UPI/4u7pe2wc3z2o@oksbi/P2M/hfxlzp2i@oksbi/VENNA
28/11/2020,,987.48,DR,7297.67,UPI/wb5i1tcr8brb@axl/P2M/gx97unau@oksbi/AxisBank
28/11/2020,,913.43,DR,6384.24,UPI/4ot3ok9f5104@okhdfc/P2M/jrzikpmm@ptbsi/Chala
28/11/2020,,200.84,DR,6183.4,UPI/bm8a9o5j5q4d@paytm/P2M/vualxbhi@paytm/VENNA
28/11/2020,,338.44,CR,6521.84,UPI/yol3eqyfx95b@ybl
28/11/2020,,36.27,DR,6485.57,UPI/fodqplcdoak9@okhdfc/P2M/vlfhkwy7@oksbi/Airtel
27/11/2020,,989.12,DR,5496.45,UPI/7v252r3211q4@okhdfc/P2M/o2c28yjl@ptbyl/Amazon
27/11/2020,370335,4523.66,CR,10020.11,UPI/7h7cw1vy3q93@paytm
27/11/2020,551934,1065.9,DR,8954.21,UPI/u2er4o0ojgsi@axl/P2M/iwebngd5@oksbi/Amazon
27/11/2020,,1472.88,DR,7481.33,UPI/m75dldy42u9s@ybl/P2M/c0hp317p@oksbi/AxisBank
27/11/2020,253011,1003.2,DR,6478.13,UPI/3uiq9p5gms91@okhdfc/P2M/6pe4nre0@paytm/Edara
27/11/2020,,37.35,DR,6440.78,UPI/uftz21v7kchv@axl/P2M/qcg32ykw@ptbyl/AxisBank
27/11/2020,734728,744.51,DR,5696.27,UPI/rmv3fpt8gbkd@oksbi/P2M/k1uuyplr@ptbsi/Airtel
27/11/2020,559356,1114.43,DR,4581.84,UPI/fke6f8ze2rg7@axl/P2M/bn7cun0m@oksbi/Airtel
27/11/2020,678817,1481.77,DR,3100.07,UPI/gfhwl8alju3a@okhdfc/P2M/4rhgo53y@paytm/Paytm
27/11/2020,,47.73,DR,3052.34,UPI/y9k7h5bonn0l@oksbi/P2M/hilxu217@oksbi/Chala
27/11/2020,717460,348.68,DR,2703.66,UPI/ar012z5pjrt6@okaxis/P2M/wpm5dvhh@ptbsi/Chala
27/11/2020,381740,3092.12,CR,5795.78,UPI/w3at68c3dn0b@okaxis
27/11/2020,946799,140.3,DR,5655.48,UPI/dvw004c198s9@oksbi/P2M/f72iq4ji@ptbyl/Amazon
27/11/2020,,178.14,DR,5477.34,UPI/jdqbsgzr4dzv@oksbi/P2M/nv7ejvlp@oksbi/Airtel
27/11/2020,157687,353.84,DR,5123.5,UPI/mui2pepydolp@okaxis/P2M/osopw41t@ptbsi/Amazon
26/11/2020,,1008.78,DR,4114.72,UPI/5ubcvjlp542z@paytm/P2M/6ha9u947@ptbsi/Airtel
26/11/2020,,733.62,DR,3381.1,UPI/2sswlvkugz6d@ybl/P2M/12kuao6t@ptbsi/VENNA
26/11/2020,,1436.15,DR,1944.95,UPI/4jqz2u2dhqwr@ybl/P2M/gcqq253z@oksbi/BigBazaar
26/11/2020,716193,617.34,DR,1327.61,UPI/lex5pix9cazm@oksbi/P2M/f35nepdl@paytm/Chala
26/11/2020,253719,867.41,DR,460.2,UPI/vvbf4omzc2lr@okaxis/P2M/gf4b1l4f@ptbsi/Paytm
26/11/2020,938649,144.81,DR,315.39,UPI/ivqceneqy58w@ybl/P2M/tzpci2k4@ptbsi/Flipkart
26/11/2020,,313.75,DR,1.64,UPI/kzfesfjb3qv2@okaxis/P2M/ijt4zc6d@oksbi/Amazon
26/11/2020,,1552.55,CR,1554.19,UPI/s7y2llj298bc@okhdfc
25/11/2020,,622.54,DR,931.65,UPI/8srzltsw7g8s@ybl/P2M/dn6q9jbp@ptbyl/VENNA
25/11/2020,,149.26,DR,782.39,UPI/jj1g8v6flxdr@ybl/P2M/1unueh3f@ptbyl/Chala
25/11/2020,,2029.72,CR,2812.11,UPI/3uad33pkl64q@okaxis
25/11/2020,887709,445.91,DR,2366.2,UPI/rwm5tbrwfuq5@axl/P2M/jx7wtfmr@paytm/Paytm
25/11/2020,110535,1182.92,DR,1183.28,UPI/ymnr9k15b09c@okaxis/P2M/7638456e@oksbi/Flipkart
25/11/2020,,285.64,DR,897.64,UPI/x79e2g78hq68@paytm/P2M/yqzjs1cq@ptbyl/Flipkart
25/11/2020,901433,242.89,DR,654.75,UPI/jn7nwqjb47l5@okaxis/P2M/jlm2ce22@oksbi/Edara
25/11/2020,883211,522.4,DR,132.35,UPI/46zmgw7bm65z@paytm/P2M/tc0pg0ee@paytm/Paytm
25/11/2020,265983,20.66,DR,111.69,UPI/s3qgt66ow1zc@paytm/P2M/5mujzhw5@paytm/AxisBank
25/11/2020,892309,2064.3,CR,2175.99,UPI/07ck4de2a0xn@oksbi
24/11/2020,716588,406.92,CR,2582.91,UPI/dqli33yyzni6@oksbi
24/11/2020,453153,212.85,DR,2370.06,UPI/e4z7w0o9lw1c@oksbi/P2M/aalqm3oy@oksbi/VENNA
24/11/2020,336252,1027.9,DR,1342.16,UPI/0u4t205b4c8l@okaxis/P2M/12lhzq0j@ptbsi/Paytm
24/11/2020,,994.38,DR,347.78,UPI/wmtpjo0rm6hr@paytm/P2M/nzw5gijl@ptbyl/Amazon
24/11/2020,,140.7,DR,207.08,UPI/ooa47a05q41r@okhdfc/P2M/8g7zqy8i@ptbsi/Chala
24/11/2020,,317.51,CR,524.59,UPI/mi8dzl1zivlj@paytm
24/11/2020,,206.84,DR,317.75,UPI/2zq4jf0yaxqz@ybl/P2M/wtv63b04@paytm/BigBazaar
24/11/2020,103024,2762.47,CR,3080.22,UPI/7uy95azjaw6w@axl
24/11/2020,,1044.42,DR,2035.8,UPI/xmyey7mdukuh@okhdfc/P2M/tre2ycq7@paytm/BigBazaar
24/11/2020,,355.6,DR,1680.2,UPI/yp9d9d3jucjx@axl/P2M/156lvesw@paytm/Edara
23/11/2020,,1039.86,DR,640.34,UPI/8m60vhyzyxzi@ybl/P2M/5u9ah501@oksbi/BigBazaar
23/11/2020,,333.34,DR,307.0,UPI/g378mgzw20fq@okaxis/P2M/4kax1yvj@oksbi/Paytm
22/11/2020,599235,127.65,DR,179.35,UPI/7yd2klhcdbtr@axl/P2M/nf6rd7c5@paytm/Paytm
22/11/2020,,4960.69,CR,5140.04,UPI/d858qgeyb1qz@okaxis
22/11/2020,,26.74,DR,5113.3,UPI/wttp4ucwiiy9@okaxis/P2M/88v67jvg@ptbsi/BigBazaar
22/11/2020,203508,1727.78,CR,6841.08,UPI/3tk5xdqvsrz0@axl
22/11/2020,,486.51,DR,6354.57,UPI/fyrttpiav6zk@okhdfc/P2M/k4elfrkl@ptbyl/BigBazaar
22/11/2020,,4256.09,CR,10610.66,UPI/tvbu6esj2g41@oksbi
22/11/2020,,1077.37,DR,9533.29,UPI/vxc04zid988p@oksbi/P2M/htt2jnf4@ptbsi/Amazon
22/11/2020,,1335.98,DR,8197.31,UPI/41w6frc3j55l@oksbi/P2M/32q7cp1b@oksbi/AxisBank
22/11/2020,,924.18,DR,7273.13,UPI/8sy2cif381nu@ybl/P2M/1mjj0yxc@ptbsi/Flipkart
21/11/2020,,1316.54,DR,5956.59,UPI/rqtqq4v1eh4e@oksbi/P2M/6amlgftf@oksbi/Flipkart
21/11/2020,444529,1742.16,CR,7698.75,UPI/x30hpal0jf47@okaxis
21/11/2020,170191,1157.99,DR,6540.76,UPI/aal7t3lbt2ai@ybl/P2M/wh52ajev@paytm/Edara
21/11/2020,,723.32,DR,5817.44,UPI/ohmh9cdth8ii@okaxis/P2M/qriam3nz@paytm/Amazon
21/11/2020,915040,37.18,DR,5780.26,UPI/q7l3gf4zvglf@axl/P2M/zvelyljf@ptbsi/Amazon
21/11/2020,279611,109.59,DR,5670.67,UPI/1ngs9n7h307b@okhdfc/P2M/ozwnelqm@ptbsi/BigBazaar
21/11/2020,,532.23,DR,5138.44,UPI/r6fgubkzwvk5@okaxis/P2M/r02icvm2@ptbsi/Edara
21/11/2020,,950.05,DR,4188.39,UPI/l70mj9yoxpzw@ybl/P2M/tupjuzrj@oksbi/Airtel
21/11/2020,,1201.49,DR,2986.9,UPI/rnxg1bak3ybg@ybl/P2M/m1etge21@ptbsi/VENNA
21/11/2020,,548.14,DR,2438.76,UPI/8phiunwc9c1d@okhdfc/P2M/0ueerlvs@ptbsi/Flipkart
21/11/2020,563942,269.6,DR,2169.16,UPI/hbkzv2hboi07@okaxis/P2M/dvupwi7w@paytm/Amazon
21/11/2020,,922.74,DR,1246.42,UPI/ktfwdcta7w85@okaxis/P2M/ssisfc9a@oksbi/Chala
21/11/2020,485393,37.04,DR,1209.38,UPI/a3gua1xe9zfc@paytm/P2M/k7tkebqb@ptbsi/Chala
21/11/2020,,580.11,CR,1789.49,UPI/y0zwkohi30n0@ybl
21/11/2020,842941,1274.14,DR,515.35,UPI/kl43fwtl9asg@okaxis/P2M/yjgwj92v@ptbyl/Amazon
20/11/2020,,3213.21,CR,3728.56,UPI/31jugrq29im1@axl
20/11/2020,159134,205.08,DR,3523.48,UPI/dnw5nge4qqjt@okhdfc/P2M/6atjer1b@oksbi/Amazon
20/11/2020,533787,1331.31,DR,2192.17,UPI/jbs1oghfh295@okhdfc/P2M/dq81nfqe@oksbi/Edara
20/11/2020,,227.07,DR,1965.1,UPI/9gxiq5nfoh0q@axl/P2M/1ozn1cti@oksbi/VENNA
20/11/2020,491894,1236.94,DR,728.16,UPI/zcxaiduwzias@axl/P2M/9x2m6wy1@paytm/Chala
20/11/2020,,17.18,DR,710.98,UPI/g8ywbg8nms52@axl/P2M/dxc3fvn0@paytm/Airtel
20/11/2020,,622.03,DR,88.95,UPI/n2736glk0uus@okhdfc/P2M/72zaxvnp@ptbsi/Airtel
19/11/2020,,11.37,DR,77.58,UPI/vy6kn97sulnx@axl/P2M/x92120uf@ptbsi/Chala
19/11/2020,941739,3507.09,CR,3584.67,UPI/nldx9cgz7xzf@okhdfc
19/11/2020,685541,3912.68,CR,7497.35,UPI/8beih33guo48@ybl
19/11/2020,,2438.5,CR,9935.85,UPI/fe9tu1cgn0z6@ybl
19/11/2020,,718.21,DR,9217.64,UPI/mrwecpb9cj0y@oksbi/P2M/ql81oyik@oksbi/AxisBank
19/11/2020,142952,616.32,DR,8601.32,UPI/9iykdrcogqi1@axl/P2M/tb4h7lc3@ptbyl/Flipkart
19/11/2020,462300,448.14,DR,8153.18,UPI/rgfdb088jqi8@okaxis/P2M/jor35z0l@ptbsi/Paytm
19/11/2020,,134.01,DR,8019.17,UPI/3qnl54o4bzwu@axl/P2M/o8oofnfc@paytm/Airtel
19/11/2020,,192.04,DR,7827.13,UPI/6zfvswbtnnvt@okaxis/P2M/e6z19jmo@ptbyl/VENNA
19/11/2020,,84.84,DR,7742.29,UPI/st0sfsu4sc3v@paytm/P2M/hvtvznsy@ptbsi/BigBazaar
19/11/2020,,1442.32,DR,6299.97,UPI/aqkmuq2l8hi1@ybl/P2M/8drxxrs3@paytm/VENNA
19/11/2020,173632,665.42,DR,5634.55,UPI/cpcqwpzafobq@okhdfc/P2M/2si1kpdx@ptbyl/BigBazaar
19/11/2020,817244,812.34,DR,4822.21,UPI/lhci6x94pq5m@paytm/P2M/eo7r9tdu@paytm/Flipkart
18/11/2020,416440,1035.55,DR,3786.66,UPI/x9jocsue4269@ybl/P2M/57rcafq3@ptbyl/Paytm
18/11/2020,,626.03,DR,3160.63,UPI/q2mdyq9cm0qs@okaxis/P2M/0lh3czjz@oksbi/AxisBank
18/11/2020,,1417.49,DR,1743.14,UPI/l0r33kywme6t@axl/P2M/x0p5l1af@ptbyl/Amazon
18/11/2020,,4252.89,CR,5996.03,UPI/x3ajpdf9l67k@okhdfc
18/11/2020,,728.05,DR,5267.98,UPI/ky31zuajtaar@axl/P2M/3dwkhzd8@oksbi/AxisBank
18/11/2020,,1027.77,DR,4240.21,UPI/mo7z30pzbb90@okhdfc/P2M/obf7z5dr@ptbsi/Paytm
18/11/2020,,4116.75,CR,8356.96,UPI/fi4usuadktri@axl
18/11/2020,,545.18,DR,7811.78,UPI/lkvndu3nonn9@paytm/P2M/vk954ec4@ptbsi/Chala
18/11/2020,,1176.09,DR,6635.69,UPI/dn3ffih3crtb@ybl/P2M/m7qx8d9b@oksbi/Chala
18/11/2020,471310,1355.42,CR,7991.11,UPI/mqykp6jr6md0@ybl
18/11/2020,,1491.44,DR,6499.67,UPI/9otv73a6o20z@okhdfc/P2M/ajoen0qk@oksbi/Flipkart
18/11/2020,,1315.25,DR,5184.42,UPI/7smr5pxhchez@oksbi/P2M/yk74xx7a@ptbsi/AxisBank
18/11/2020,,1145.62,DR,4038.8,UPI/dedgd4tpxzib@oksbi/P2M/xj8h2570@paytm/VENNA
18/11/2020,620456,4481.9,CR,8520.7,UPI/ywgpwy0ar35x@paytm
17/11/2020,187947,987.17,DR,7533.53,UPI/m9ezh1jueig4@okaxis/P2M/rv0t3kjc@oksbi/AxisBank
17/11/2020,,29.08,DR,7504.45,UPI/m1nrk7gps5to@axl/P2M/tu50zy8z@ptbsi/Chala
17/11/2020,,1180.13,DR,6324.32,UPI/zbfkgsfjm0e2@okhdfc/P2M/qmjc62tl@oksbi/Airtel
17/11/2020,,1141.55,DR,5182.77,UPI/x59fs8h8nk1o@oksbi/P2M/4bvv5uie@ptbsi/Paytm
17/11/2020,312159,178.06,DR,5004.71,UPI/z338vor8a69z@oksbi/P2M/3ffmbbtx@paytm/Edara
17/11/2020,,102.36,DR,4902.35,UPI/0dvnlocixffg@oksbi/P2M/bpehtust@paytm/VENNA
17/11/2020,,1474.88,DR,3427.47,UPI/o3erl4z2de7q@paytm/P2M/81ltkwao@paytm/AxisBank
17/11/2020,732779,688.41,DR,2739.06,UPI/k7km753fckfp@axl/P2M/hq8xxky4@paytm/Edara
17/11/2020,849291,1349.26,DR,1389.8,UPI/gbmbgjdx47w5@oksbi/P2M/h3ooy1lu@paytm/VENNA
17/11/2020,,617.2,DR,772.6,UPI/fszw7cwkzf0e@okaxis/P2M/izysq9cu@ptbyl/BigBazaar
17/11/2020,,713.2,DR,59.4,UPI/5jmzhdsc6p8a@okhdfc/P2M/sbws9sj1@oksbi/Edara
16/11/2020,716461,4644.05,CR,4703.45,UPI/d3jme9c7v6nl@okaxis
16/11/2020,,1067.56,DR,3635.89,UPI/aw071n87817h@oksbi/P2M/coskmkic@ptbsi/Amazon
16/11/2020,,505.9,CR,4141.79,UPI/94z2rphwq7yd@oksbi
16/11/2020,,722.58,CR,4864.37,UPI/lvmzjep1ansu@okhdfc
16/11/2020,,1379.88,DR,3484.49,UPI/0bh9qkiitwal@okaxis/P2M/u689245e@paytm/Chala
16/11/2020,,581.47,DR,2903.02,UPI/flry9bjmhl9m@axl/P2M/bsohftn4@paytm/Flipkart
16/11/2020,527650,4322.1,CR,7225.12,UPI/ngf2gp7era2t@okhdfc
16/11/2020,,4675.11,CR,11900.23,UPI/eg3xb6u8od25@paytm
16/11/2020,,1383.4,DR,10516.83,UPI/z3vwi1djtsqe@okhdfc/P2M/s8ic76rs@ptbsi/Flipkart
16/11/2020,,731.38,DR,9785.45,UPI/ilux10r7fr3z@okhdfc/P2M/tf7sj2fp@paytm/Edara
16/11/2020,292276,811.93,DR,8973.52,UPI/1q6dnw675wgp@okhdfc/P2M/lu9q1ygy@ptbyl/AxisBank
16/11/2020,614592,760.04,DR,8213.48,UPI/ti1kx02z27ac@okhdfc/P2M/zdhv49sk@ptbyl/AxisBank
15/11/2020,,1240.18,DR,6973.3,UPI/ctnqeqvvpf52@axl/P2M/liqd0jmy@oksbi/Edara
15/11/2020,157811,64.39,DR,6908.91,UPI/37p3zdplb8dg@paytm/P2M/q2qhn37k@oksbi/VENNA
15/11/2020,,349.85,DR,6559.06,UPI/i1nvzwjlzqko@paytm/P2M/m7t1xnm6@ptbyl/BigBazaar
15/11/2020,617994,475.8,DR,6083.26,UPI/73izqn2wonwl@paytm/P2M/ua5bh65g@oksbi/Airtel
15/11/2020,,201.46,DR,5881.8,UPI/ryghsenrsfd3@okaxis/P2M/3qmmsuvp@paytm/Airtel
15/11/2020,204344,1106.37,DR,4775.43,UPI/yyrt1eo9148g@paytm/P2M/t3usakaz@ptbsi/Airtel
15/11/2020,,1428.09,DR,3347.34,UPI/7acpullhsjte@oksbi/P2M/en8vmh6o@ptbsi/AxisBank
15/11/2020,991677,119.58,DR,3227.76,UPI/mexkdbd7tv64@paytm/P2M/rsouzwsk@ptbyl/Amazon
15/11/2020,,958.98,DR,2268.78,UPI/rt9t25s2e40g@axl/P2M/03h4r01u@oksbi/Edara
15/11/2020,791353,1205.02,DR,1063.76,UPI/kxnu8sittb46@oksbi/P2M/scljysx4@oksbi/Chala
15/11/2020,,161.97,DR,901.79,UPI/6m22vgp6xdm0@oksbi/P2M/yb3toct2@oksbi/Amazon
15/11/2020,,359.51,DR,542.28,UPI/zp9q854ictfg@paytm/P2M/eu15yrrz@ptbsi/Flipkart
15/11/2020,963293,84.91,DR,457.37,UPI/jc6l0xhlgkgg@axl/P2M/702d1mc8@oksbi/Chala
15/11/2020,563805,11.79,DR,445.58,UPI/vjzzq4hj0xma@ybl/P2M/vl1zv5td@oksbi/AxisBank
14/11/2020,,431.68,DR,13.9,UPI/wquinmbyipro@oksbi/P2M/ms29q6hl@ptbsi/Airtel
14/11/2020,,928.67,CR,942.57,UPI/3wad3gdfcrbg@okaxis
14/11/2020,,579.53,DR,363.04,UPI/odb0wp1qanaw@oksbi/P2M/vxd7cb4t@paytm/Amazon
14/11/2020,203657,289.54,DR,73.5,UPI/wj4mygdo0c25@oksbi/P2M/bga9s400@paytm/Paytm
13/11/2020,398730,4292.15,CR,4365.65,UPI/cmn6s3voaiul@ybl
13/11/2020,,58.72,DR,4306.93,UPI/jf7a6qs2t2no@ybl/P2M/9px4h9qh@paytm/AxisBank
13/11/2020,,521.0,DR,3785.93,UPI/i92olywug42w@ybl/P2M/46bzuhmc@ptbsi/Amazon
13/11/2020,,1313.69,DR,2472.24,UPI/xus1dyxmnvd5@oksbi/P2M/7jwp9v7v@ptbyl/VENNA
13/11/2020,,1285.15,DR,1187.09,UPI/1irfc0uzysdp@okaxis/P2M/smkvcc0h@ptbsi/Paytm
13/11/2020,,1038.58,DR,148.51,UPI/5i0hf8aom6ak@oksbi/P2M/zo2g5185@ptbyl/Flipkart
12/11/2020,,44.39,DR,104.12,UPI/2yqyxvldep0a@ybl/P2M/haoosrt2@oksbi/Airtel
12/11/2020,,1886.5,CR,1990.62,UPI/544apmoydaqf@oksbi
12/11/2020,337459,901.56,DR,1089.06,UPI/5fk2aitfhgga@okaxis/P2M/kr2puf4v@paytm/Airtel
12/11/2020,990494,463.03,DR,626.03,UPI/64013objldzg@okhdfc/P2M/56p2sdcs@ptbyl/Edara
11/11/2020,847121,317.66,DR,308.37,UPI/tjbzxcwy6a4u@okaxis/P2M/kop5p5e1@paytm/VENNA
11/11/2020,438276,217.62,DR,90.75,UPI/0g0qnf8izmqe@okhdfc/P2M/aan649d0@ptbsi/Flipkart
11/11/2020,,111.39,CR,202.14,UPI/h07ddirnf3rb@okaxis
11/11/2020,633139,111.16,DR,90.98,UPI/0xad24dyc3t8@okaxis/P2M/r60jamqo@paytm/Edara
10/11/2020,209025,4474.64,CR,4565.62,UPI/abcrqsdjqyoy@oksbi
10/11/2020,,400.66,DR,4164.96,UPI/xxnxt6y76uk6@okaxis/P2M/6ajujcxc@ptbyl/Chala
10/11/2020,860193,217.95,DR,3947.01,UPI/f1f4b7azg75p@okhdfc/P2M/l24haszb@paytm/VENNA
10/11/2020,,896.61,DR,3050.4,UPI/1pkhawp80cxj@paytm/P2M/j4ks37lx@oksbi/VENNA
10/11/2020,,4707.52,CR,7757.92,UPI/771pn6m86nl6@ybl
10/11/2020,,13.15,DR,7744.77,UPI/04ogtlm7m88d@paytm/P2M/h5yzu1rr@ptbsi/Edara
10/11/2020,,3743.37,CR,11488.14,UPI/tf7kgeedt7rd@oksbi
10/11/2020,462974,316.73,DR,11171.41,UPI/akt3v815csal@okaxis/P2M/iim4tktu@ptbsi/Edara
10/11/2020,640328,1312.88,DR,9858.53,UPI/e0erwmi33x0j@ybl/P2M/6fqrzx9f@paytm/VENNA
09/11/2020,607613,692.25,DR,9166.28,UPI/j5zsfn2e2680@paytm/P2M/effn70hk@oksbi/Chala
09/11/2020,,1090.14,DR,8076.14,UPI/tiakwr5wasa0@axl/P2M/vhc6h25m@oksbi/Flipkart
09/11/2020,,1118.44,DR,6957.7,UPI/p8pktkcybe2c@okaxis/P2M/infeh15l@oksbi/BigBazaar
09/11/2020,,440.06,DR,6517.64,UPI/jd5tjdo7ocwp@okaxis/P2M/cfwfwsp2@paytm/Edara
09/11/2020,,983.87,DR,5533.77,UPI/9cwbb4slmfnz@okaxis/P2M/lh592aco@paytm/BigBazaar
09/11/2020,,858.47,DR,4675.3,UPI/99onxh8eh7qv@paytm/P2M/30nuymvz@ptbyl/Flipkart
09/11/2020,,1116.81,DR,3558.49,UPI/eip8yetx3f86@axl/P2M/i123zadc@oksbi/Chala
09/11/2020,,166.01,DR,3392.48,UPI/sql9nssnv38b@paytm/P2M/yzszqa7t@oksbi/Amazon
09/11/2020,,1340.96,DR,2051.52,UPI/esbgvarm6ggt@axl/P2M/uxtghmev@oksbi/AxisBank
09/11/2020,,2354.48,CR,4406.0,UPI/5eeiz58c543c@paytm
09/11/2020,,587.19,DR,3818.81,UPI/agepsploih9g@axl/P2M/fszb6blo@ptbyl/Edara
09/11/2020,,984.29,DR,2834.52,UPI/z1jhusdg2c7w@paytm/P2M/3caqusti@paytm/Amazon
09/11/2020,681357,432.43,DR,2402.09,UPI/r8cwjbeotnqf@paytm/P2M/z4ghbn9p@ptbyl/Edara
09/11/2020,,711.25,DR,1690.84,UPI/xjg6iidh32j6@okaxis/P2M/56tdc20k@ptbyl/BigBazaar
08/11/2020,596325,789.92,DR,900.92,UPI/7h58vc9959ig@paytm/P2M/h8kw3xao@oksbi/AxisBank
08/11/2020,,4536.68,CR,5437.6,UPI/ujm61gxyeeqz@ybl
08/11/2020,,1170.12,CR,6607.72,UPI/kfix46nzzssq@okhdfc
08/11/2020,646967,624.04,DR,5983.68,UPI/ugw70t9e86dv@okaxis/P2M/xq2gk727@ptbyl/AxisBank
08/11/2020,860339,904.1,DR,5079.58,UPI/s4atkcvwo3sn@axl/P2M/0fvhfozb@ptbyl/Flipkart
08/11/2020,,207.86,DR,4871.72,UPI/u3yxy68mmm3w@okaxis/P2M/2nrfr4p2@paytm/VENNA
08/11/2020,,1265.34,DR,3606.38,UPI/3muxvvutm273@ybl/P2M/k322o30b@ptbyl/VENNA
08/11/2020,952558,317.42,DR,3288.96,UPI/60twbkt696pt@oksbi/P2M/5xfbjo38@ptbyl/Paytm
08/11/2020,996662,823.22,CR,4112.18,UPI/lyzoh541wbxz@ybl
08/11/2020,725037,1152.16,DR,2960.02,UPI/4pd8d59z83m4@axl/P2M/vrcokn9v@oksbi/Flipkart
08/11/2020,692351,909.14,DR,2050.88,UPI/4ogh70kwlkjn@okaxis/P2M/er9xqrrr@ptbsi/Flipkart
08/11/2020,,749.14,DR,1301.74,UPI/nv24f7lfeff1@okaxis/P2M/icmi4y10@ptbsi/Paytm
08/11/2020,,1053.78,DR,247.96,UPI/leptc0sqcr3y@ybl/P2M/funnnsnl@oksbi/AxisBank
07/11/2020,,239.48,DR,8.48,UPI/sp7e9wjnhujt@oksbi/P2M/fxa36l4y@ptbyl/Flipkart
07/11/2020,,3595.6,CR,3604.08,UPI/xml6ytoo0yf7@paytm
07/11/2020,,1385.37,DR,2218.71,UPI/nu4zo61ykvbh@oksbi/P2M/9ww8zqm6@ptbsi/AxisBank
07/11/2020,,3539.0,CR,5757.71,UPI/pemjpg5wdjzb@okaxis
07/11/2020,,617.52,CR,6375.23,UPI/oey3ho77fy8f@okhdfc
07/11/2020,570772,1144.76,DR,5230.47,UPI/x7smgt8j462a@okaxis/P2M/97sauy0p@paytm/Flipkart
07/11/2020,989326,1219.89,DR,4010.58,UPI/pftm80kye3g7@paytm/P2M/s0bqcps1@paytm/Chala
06/11/2020,,267.48,DR,3743.1,UPI/pse04fm3h6n4@oksbi/P2M/ohqdblzm@ptbyl/VENNA
06/11/2020,,313.1,DR,3430.0,UPI/wctzsi2j4rs7@okhdfc/P2M/wq61d4zd@paytm/Paytm
06/11/2020,215374,115.58,DR,3314.42,UPI/5aos6yelzkuw@paytm/P2M/6ch15jda@oksbi/AxisBank
06/11/2020,,320.05,DR,2994.37,UPI/ufvox0js4yen@paytm/P2M/ftdfu268@ptbsi/Edara
06/11/2020,,2914.89,CR,5909.26,UPI/0qbu1rkqloty@okhdfc
06/11/2020,390924,1332.59,DR,4576.67,UPI/tq3yyskujw0a@okaxis/P2M/vava2n8y@oksbi/Paytm
06/11/2020,977804,772.24,DR,3804.43,UPI/zdczvhocmy0s@oksbi/P2M/d82lx6nr@oksbi/VENNA
06/11/2020,366593,680.32,DR,3124.11,UPI/w5ksvr06socl@ybl/P2M/wom6res7@ptbyl/BigBazaar
06/11/2020,,2749.77,CR,5873.88,UPI/g3yrisv0jrmx@okhdfc
06/11/2020,883242,933.92,DR,4939.96,UPI/dfygw7dnnmal@okhdfc/P2M/mnzhal18@oksbi/Paytm
06/11/2020,,4187.75,CR,9127.71,UPI/ujaboq8xnrft@axl
06/11/2020,,1464.55,DR,7663.16,UPI/q84qsx43jpbk@oksbi/P2M/h6vn63fa@ptbsi/Flipkart
06/11/2020,,1343.25,DR,6319.91,UPI/p9fnocwdqi6k@okhdfc/P2M/q570w9jv@ptbyl/Flipkart
06/11/2020,,1290.15,DR,5029.76,UPI/qcwa7ueeukuv@axl/P2M/c0lyes7m@ptbyl/Paytm
05/11/2020,334765,1412.27,DR,3617.49,UPI/jez437tddm7h@okaxis/P2M/2m8w66j4@paytm/Edara
05/11/2020,606295,2976.79,CR,6594.28,UPI/wvqh9hj0qvy9@ybl
05/11/2020,134722,490.31,DR,6103.97,UPI/4eouh60y16sa@oksbi/P2M/3ipp5c4t@paytm/Paytm
05/11/2020,618056,1060.05,DR,5043.92,UPI/c5a8twxggpeh@ybl/P2M/3f19qodn@ptbsi/AxisBank
05/11/2020,,675.36,DR,4368.56,UPI/nxbbe52wiu2z@okhdfc/P2M/53iq50rv@oksbi/Amazon
05/11/2020,,392.61,DR,3975.95,UPI/4i7x2lk0tr5t@okhdfc/P2M/hbq0l8al@oksbi/AxisBank
05/11/2020,,1345.69,DR,2630.26,UPI/xx8hg0tw5yg8@okaxis/P2M/57bjkfce@paytm/AxisBank
05/11/2020,966824,1851.08,CR,4481.34,UPI/fe3v9peb5ua6@axl
05/11/2020,,1009.33,DR,3472.01,UPI/5ak197o0kz4j@oksbi/P2M/7gr9i3m1@ptbyl/Airtel
05/11/2020,743777,1044.49,DR,2427.52,UPI/e2kzsq03ucud@ybl/P2M/gvrbvteh@paytm/Edara
05/11/2020,,1117.36,DR,1310.16,UPI/lb7vcilm33cg@ybl/P2M/5luw1yho@oksbi/Edara
05/11/2020,,1146.82,DR,163.34,UPI/u949laghxyo2@okaxis/P2M/bdcc02im@paytm/Flipkart
04/11/2020,747785,159.72,DR,3.62,UPI/qxqbj5kkmpk3@okaxis/P2M/5k4sg6bs@paytm/AxisBank
04/11/2020,,1389.38,CR,1393.0,UPI/cdo4bpbuz6a6@okhdfc
04/11/2020,,1195.82,DR,197.18,UPI/34d72e86fnoh@paytm/P2M/f8ixrbtk@paytm/Amazon
03/11/2020,686081,380.76,CR,577.94,UPI/4qtxoo4dujuw@axl
03/11/2020,,548.23,DR,29.71,UPI/i5rkb8e8q648@oksbi/P2M/n2qiheuf@oksbi/Flipkart
03/11/2020,,4700.18,CR,4729.89,UPI/gbp9xvm9snp7@okaxis
03/11/2020,,578.21,DR,4151.68,UPI/67wtsymtks6u@ybl/P2M/3rhzd8q4@ptbyl/Flipkart
03/11/2020,,2394.39,CR,6546.07,UPI/ijskg43k2oya@axl
03/11/2020,259103,865.16,DR,5680.91,UPI/z29omi9ocgkz@okhdfc/P2M/lz44am6n@oksbi/Airtel
03/11/2020,803005,80.11,DR,5600.8,UPI/o8p86w9o0yja@paytm/P2M/pmnlw0u8@ptbyl/Airtel
03/11/2020,,4606.29,CR,10207.09,UPI/r424i2ge9qcq@axl
03/11/2020,805164,1241.74,DR,8965.35,UPI/5ymoreqyclh0@ybl/P2M/lgbx7wcf@ptbsi/Chala
03/11/2020,423686,832.44,DR,8132.91,UPI/4p9fj1shmohl@oksbi/P2M/yo5ivvca@oksbi/Flipkart
03/11/2020,,606.99,DR,7525.92,UPI/mv8zswkqjrsv@oksbi/P2M/ke62zzia@paytm/Chala
03/11/2020,,2801.84,CR,10327.76,UPI/0oqkr194gwwk@paytm
03/11/2020,,549.8,DR,9777.96,UPI/ax3w0pli9kc3@okhdfc/P2M/1hgasdz9@ptbyl/VENNA
02/11/2020,650524,217.9,DR,9560.06,UPI/erb3xlt7r5qw@axl/P2M/r2j8j2bq@ptbyl/Flipkart
02/11/2020,776349,93.87,DR,9466.19,UPI/eq2ilemt9cvq@okhdfc/P2M/ixin5hln@oksbi/Amazon
02/11/2020,731943,1124.22,DR,8341.97,UPI/80kbd1bd27ss@paytm/P2M/xa8jxg2p@ptbyl/BigBazaar
02/11/2020,543764,1300.99,DR,7040.98,UPI/nop6ehyfx4hv@oksbi/P2M/x1c70yhk@oksbi/Paytm
02/11/2020,,522.47,DR,6518.51,UPI/ljfplgc8tmhb@oksbi/P2M/lexwt4cv@paytm/Airtel
02/11/2020,,315.38,DR,6203.13,UPI/8zupughs0yse@okaxis/P2M/uclzms3q@paytm/AxisBank
02/11/2020,,145.3,DR,6057.83,UPI/1jidbo8s2sp4@okaxis/P2M/3rg904aj@ptbsi/Flipkart
02/11/2020,,287.12,DR,5770.71,UPI/mcwyqvf08xgo@okhdfc/P2M/watmky2h@paytm/Flipkart
02/11/2020,100153,591.55,DR,5179.16,UPI/z3isu0d91633@ybl/P2M/8idnppoc@ptbyl/AxisBank
02/11/2020,,1173.2,DR,4005.96,UPI/pa23thio9omp@axl/P2M/i0k5edq1@ptbsi/Paytm
02/11/2020,,1390.43,DR,2615.53,UPI/qvbdu63t4vhe@axl/P2M/shtsp848@ptbsi/BigBazaar
02/11/2020,,4709.06,CR,7324.59,UPI/ftt2buyhxs5w@ybl
02/11/2020,426335,180.95,DR,7143.64,UPI/hdbiuvain3xa@okaxis/P2M/o8q90y17@paytm/Edara
02/11/2020,,3962.59,CR,11106.23,UPI/x61h84r8zxvl@okaxis
01/11/2020,,822.53,DR,10283.7,UPI/iiv5sjh7qu2f@okaxis/P2M/lb0v49qx@oksbi/Flipkart
01/11/2020,,458.03,DR,9825.67,UPI/xiiwrgremysi@axl/P2M/25cjxgmp@ptbsi/AxisBank
01/11/2020,,267.02,DR,9558.65,UPI/dan5bp4kqacx@okaxis/P2M/mut2uqov@ptbsi/Chala
01/11/2020,,994.13,DR,8564.52,UPI/n0od0cju8bx7@paytm/P2M/kijsfyl0@ptbsi/Flipkart
01/11/2020,,65.22,DR,8499.3,UPI/eki0fa6m8ndt@okhdfc/P2M/e582olno@ptbyl/Chala
01/11/2020,576550,611.87,DR,7887.43,UPI/ujxu63veoeqe@paytm/P2M/5eg3xy2x@paytm/Flipkart
01/11/2020,332266,984.66,DR,6902.77,UPI/awdp3jjvsxb2@ybl/P2M/k6o8es5b@ptbyl/BigBazaar
01/11/2020,445158,938.18,DR,5964.59,UPI/t6qn1dyb9ldv@okaxis/P2M/qyevqcm6@paytm/Edara
01/11/2020,,1394.0,DR,4570.59,UPI/qow3fswafrfm@oksbi/P2M/532f90eo@paytm/Amazon
01/11/2020,340689,1212.13,DR,3358.46,UPI/159s31peec8i@axl/P2M/lsdj0nk7@paytm/Paytm
01/11/2020,158868,684.61,DR,2673.85,UPI/dopugf5je49g@paytm/P2M/jbdsa50m@ptbsi/BigBazaar
01/11/2020,451168,3462.09,CR,6135.94,UPI/clmgs3n4tdk4@paytm
01/11/2020,,971.64,DR,5164.3,UPI/mlyli428b7o3@okaxis/P2M/iznzvnwn@paytm/Airtel
01/11/2020,791788,786.81,DR,4377.49,UPI/a5aizst9hl14@paytm/P2M/phwwrfov@ptbyl/Airtel
