Date,Instrument ID,Amount,Type,Balance,Remarks
30/09/2021,,4735.85,CR,5549.74,UPI/xftyaiuw6kpl@paytm
30/09/2021,,1049.97,DR,4499.77,UPI/1imsfzcyysnl@okaxis/P2M/enh72f46@ptbsi/Airtel
30/09/2021,,1468.57,DR,3031.2,UPI/jfky4ronz3kd@okaxis/P2M/g4rmzfcu@ptbsi/VENNA
30/09/2021,,326.23,CR,3357.43,UPI/jtq4he7q93mr@axl
30/09/2021,,378.52,CR,3735.95,UPI/m8ung56l7md1@ybl
30/09/2021,,958.63,CR,4694.58,UPI/olrhwhxk1m49@okhdfc
30/09/2021,,329.72,CR,5024.3,UPI/qt567mktayme@ybl
30/09/2021,542514,466.9,DR,4557.4,UPI/3l15ud67lht2@oksbi/P2M/kudpmiq8@ptbsi/Airtel
30/09/2021,,525.96,DR,4031.44,UPI/orqx6ynu4xkm@oksbi/P2M/ljggx8kp@oksbi/Paytm
30/09/2021,,2097.25,CR,6128.69,UPI/qbuotxu50izz@ybl
30/09/2021,,1063.2,DR,5065.49,UPI/f4xv7ur889wb@oksbi/P2M/cllkuk2u@ptbsi/VENNA
30/09/2021,653101,328.36,DR,4737.13,UPI/uy0z76o5obdr@ybl/P2M/ikhrk1f9@ptbsi/Flipkart
30/09/2021,,1485.75,DR,3251.38,UPI/opnjs27cmj7l@axl/P2M/i8tfb80k@ptbsi/Airtel
29/09/2021,461809,1259.31,DR,1992.07,UPI/sgpe6uoo05ut@axl/P2M/y77iy9ba@ptbyl/BigBazaar
29/09/2021,,306.96,DR,1685.11,UPI/wwu54tk0grve@okaxis/P2M/re9982fk@ptbsi/Chala
29/09/2021,,1104.2,DR,580.91,UPI/jpwwmzszpr7n@paytm/P2M/9jqp9o18@ptbyl/Airtel
29/09/2021,,274.77,CR,855.68,UPI/map6rj5s9yrk@ybl
29/09/2021,,183.87,DR,671.81,UPI/p57ej6erl6dj@okaxis/P2M/tus492e8@paytm/Chala
29/09/2021,597823,115.18,DR,556.63,UPI/vergy5ypkubx@ybl/P2M/drsnu6jd@oksbi/Paytm
29/09/2021,,931.21,CR,1487.84,UPI/uhj5yy7lsgqz@oksbi
28/09/2021,368984,3867.95,CR,5355.79,UPI/rp09fmpu90tm@paytm
28/09/2021,,4015.77,CR,9371.56,UPI/kvap0mqgy2fi@paytm
28/09/2021,673608,1019.89,DR,8351.67,UPI/istcgxig67ko@okhdfc/P2M/8ee9knht@ptbsi/Flipkart
28/09/2021,368026,859.76,DR,7491.91,UPI/dxborx8hdhqu@ybl/P2M/m4aj3cvo@ptbsi/Paytm
28/09/2021,,798.74,DR,6693.17,UPI/ckuwcxxssnn5@ybl/P2M/ooxxb4nn@oksbi/Chala
28/09/2021,,3413.38,CR,10106.55,UPI/a9uxy1k3mv3g@oksbi
28/09/2021,,375.77,DR,9730.78,UPI/za70l4zcqc5c@ybl/P2M/w0e9xx9e@oksbi/BigBazaar
28/09/2021,,2514.5,CR,12245.28,UPI/5p17svvtzskt@okaxis
28/09/2021,,180.26,DR,12065.02,UPI/nfngybcgl5wm@okaxis/P2M/zhp90dpu@ptbsi/Chala
28/09/2021,337546,702.56,DR,11362.46,UPI/8sp7trol4bsk@axl/P2M/3by81o0q@oksbi/Airtel
28/09/2021,460039,1374.39,DR,9988.07,UPI/kdwv2iffv94t@okhdfc/P2M/8zi83hds@ptbsi/Paytm
28/09/2021,,54.63,DR,9933.44,UPI/57zzvk45pjuc@paytm/P2M/7qxmariq@ptbsi/Amazon
28/09/2021,,1252.96,CR,11186.4,UPI/yra5ndvi8iy5@oksbi
27/09/2021,,1087.71,DR,10098.69,UPI/654t20c22txq@okhdfc/P2M/qeeg73pd@oksbi/VENNA
27/09/2021,919150,942.66,DR,9156.03,UPI/pw61h33wz43d@axl/P2M/sdmssrxs@ptbsi/Paytm
27/09/2021,,3442.32,CR,12598.35,UPI/g21y5dfpxxsq@oksbi
27/09/2021,,416.49,DR,12181.86,UPI/0cq1mq490ia2@okaxis/P2M/wu8vqi3z@ptbsi/VENNA
27/09/2021,222456,1077.34,DR,11104.52,UPI/ny2unoj1gudd@ybl/P2M/6gf2o4v0@oksbi/Edara
27/09/2021,,772.47,DR,10332.05,UPI/3x4pw34c8fh6@ybl/P2M/9qjwhv09@oksbi/BigBazaar
27/09/2021,142912,611.2,DR,9720.85,UPI/ai4mljutr4hj@okhdfc/P2M/xccj0m98@oksbi/VENNA
27/09/2021,,813.95,DR,8906.9,UPI/kk1cwsvwt78y@okhdfc/P2M/s5xngph6@ptbyl/Edara
27/09/2021,,1282.11,DR,7624.79,UPI/hlhsxkkwqvzs@okaxis/P2M/ddpt5ta7@ptbyl/Flipkart
27/09/2021,,588.82,DR,7035.97,UPI/weozy9xyyv4w@paytm/P2M/8extwty1@ptbsi/AxisBank
27/09/2021,601078,738.38,DR,6297.59,UPI/sg5l0ve71n0y@okaxis/P2M/43hi824h@ptbyl/Airtel
27/09/2021,354339,3823.15,CR,10120.74,UPI/hvcjlk885ygg@paytm
27/09/2021,236720,925.7,DR,9195.04,UPI/wmgj9wpllql0@paytm/P2M/mx62qym5@paytm/VENNA
26/09/2021,,535.23,DR,8659.81,UPI/6vqv0xjn5fl2@okhdfc/P2M/059qunrk@ptbyl/BigBazaar
26/09/2021,322302,588.98,DR,8070.83,UPI/y1usx47j389l@paytm/P2M/ql1fw1th@ptbsi/BigBazaar
26/09/2021,535592,983.78,DR,7087.05,UPI/8q5gd7t54p6p@paytm/P2M/3lgp0wro@ptbsi/AxisBank
26/09/2021,649266,1251.28,DR,5835.77,UPI/qciemke9axyy@axl/P2M/052mn5gv@ptbsi/Edara
26/09/2021,,600.08,DR,5235.69,UPI/k3919sdoikq0@okhdfc/P2M/usqni7ce@oksbi/BigBazaar
26/09/2021,,407.28,DR,4828.41,UPI/8pgkrx5550ll@ybl/P2M/zdyk43bj@oksbi/Flipkart
26/09/2021,,462.13,DR,4366.28,UPI/293v9qi8x1yj@okaxis/P2M/0mcdak6h@ptbsi/VENNA
26/09/2021,341928,787.57,CR,5153.85,UPI/c9beqv7n2xqb@ybl
26/09/2021,,504.18,DR,4649.67,UPI/smbg681uh0dh@oksbi/P2M/s3jancqt@ptbsi/Amazon
26/09/2021,,1372.76,DR,3276.91,UPI/ekgr0w3r9wg6@paytm/P2M/zb4wh2ho@oksbi/Airtel
26/09/2021,857128,802.78,DR,2474.13,UPI/mtu9liwmi2i9@paytm/P2M/2vlghj5l@ptbsi/Airtel
26/09/2021,,778.79,DR,1695.34,UPI/5s6ge92xw5tp@okhdfc/P2M/qus5st7m@ptbyl/Chala
26/09/2021,156612,870.12,DR,825.22,UPI/jwfw2esg5k4t@oksbi/P2M/n4krm1pb@oksbi/AxisBank
25/09/2021,,700.12,DR,125.1,UPI/bo49qky9mxpx@axl/P2M/n45mlh7d@ptbsi/AxisBank
25/09/2021,,77.09,DR,48.01,UPI/wc2q0tsi87rf@axl/P2M/7msyc1lq@ptbyl/VENNA
25/09/2021,505266,3718.26,CR,3766.27,UPI/qf1wcvcvlb60@oksbi
25/09/2021,208858,612.02,DR,3154.25,UPI/t9sklui7gk6i@okhdfc/P2M/dwkdwgh0@oksbi/Chala
25/09/2021,,687.91,CR,3842.16,UPI/24jmo0w7fjqy@paytm
25/09/2021,655315,825.84,DR,3016.32,UPI/bm5twat2yt2e@axl/P2M/cctin491@paytm/Paytm
25/09/2021,,1444.97,DR,1571.35,UPI/sl7vrind0757@axl/P2M/cpegdvgi@paytm/Airtel
24/09/2021,984841,1282.65,DR,288.7,UPI/9sgsq56ks1s9@paytm/P2M/vqtke5yj@paytm/VENNA
24/09/2021,,125.36,DR,163.34,UPI/mcxolh8ilb71@okhdfc/P2M/sfiv4tq9@paytm/AxisBank
24/09/2021,,4410.6,CR,4573.94,UPI/es4et7do30mj@axl
24/09/2021,,997.35,DR,3576.59,UPI/holoywn5wuxe@okaxis/P2M/wlzx851g@paytm/Amazon
24/09/2021,842839,1454.79,DR,2121.8,UPI/1ad9foiuq8kx@oksbi/P2M/fikjh2mq@paytm/AxisBank
24/09/2021,,21.04,DR,2100.76,UPI/wieucvivag87@oksbi/P2M/r5z0sa59@ptbsi/VENNA
24/09/2021,526183,3265.65,CR,5366.41,UPI/x0d2hztr43gc@okaxis
24/09/2021,367560,1250.03,DR,4116.38,UPI/k0zpqb1kioq7@oksbi/P2M/lq40uu5c@ptbsi/Flipkart
24/09/2021,453563,881.09,DR,3235.29,UPI/6tyfub3cxsps@paytm/P2M/nhjyppnj@paytm/Amazon
24/09/2021,268351,1330.63,DR,1904.66,UPI/m4wfg71h0ayj@okhdfc/P2M/wmljwdey@paytm/Amazon
24/09/2021,,1205.76,DR,698.9,UPI/fua92ksjl7s9@paytm/P2M/5g4nlpyb@oksbi/Edara
24/09/2021,154977,221.75,DR,477.15,UPI/22syzixwmj4m@okhdfc/P2M/0xtgmyqc@paytm/Paytm
23/09/2021,532551,943.87,CR,1421.02,UPI/f8yjxe95hkeq@paytm
23/09/2021,,1395.46,DR,25.56,UPI/lp4owhho4jbd@axl/P2M/0hem1f8l@ptbsi/Edara
22/09/2021,926280,14.12,DR,11.44,UPI/u8cnuht1n7av@okaxis/P2M/cgykt6ym@oksbi/AxisBank
22/09/2021,,1036.9,CR,1048.34,UPI/g54y0l99ei6h@okhdfc
22/09/2021,,322.27,DR,726.07,UPI/wm5wdmt3h8rm@oksbi/P2M/sh4iqxj3@oksbi/Edara
22/09/2021,,214.77,DR,511.3,UPI/iu7a17q0l3cc@axl/P2M/vxcyjf1t@ptbsi/AxisBank
21/09/2021,237141,386.23,DR,125.07,UPI/1g2i0bm8vwpn@okaxis/P2M/kikl015n@ptbsi/Amazon
21/09/2021,,83.82,DR,41.25,UPI/nwe1kfp0cv18@paytm/P2M/3r7ors2p@oksbi/Chala
21/09/2021,447343,3024.72,CR,3065.97,UPI/6ceiy0fb7un8@ybl
21/09/2021,,87.47,DR,2978.5,UPI/kw9dp6utd6lm@oksbi/P2M/dhri5yht@ptbsi/VENNA
21/09/2021,,334.54,DR,2643.96,UPI/8lfqvdajwoto@ybl/P2M/3vih7umt@oksbi/Amazon
21/09/2021,,884.24,CR,3528.2,UPI/knuenkjzarkj@axl
21/09/2021,,525.25,DR,3002.95,UPI/oatemmy624go@axl/P2M/anxl4ty8@ptbsi/Paytm
21/09/2021,,718.56,DR,2284.39,UPI/psqdaubdvgq4@axl/P2M/r5awn9sh@oksbi/Airtel
20/09/2021,117080,464.48,DR,1819.91,UPI/xcg4v98bbylp@ybl/P2M/7anr0zcf@paytm/Paytm
20/09/2021,,825.4,DR,994.51,UPI/sew1se085di3@okhdfc/P2M/jx8mwney@ptbyl/Amazon
20/09/2021,768498,904.8,CR,1899.31,UPI/fe15t7n9lvol@okhdfc
20/09/2021,,326.18,DR,1573.13,UPI/i2ah7e7awt3y@ybl/P2M/26b47o2b@ptbsi/Edara
20/09/2021,,223.72,DR,1349.41,UPI/8mbc3qubtiwe@paytm/P2M/2abos9m3@paytm/Flipkart
20/09/2021,,658.48,DR,690.93,UPI/ey3rdzpjhkzo@paytm/P2M/cjkikwdz@oksbi/Flipkart
20/09/2021,143746,3451.95,CR,4142.88,UPI/cs3zofniz8u2@paytm
20/09/2021,107770,215.72,DR,3927.16,UPI/5tvo7nd1m82m@ybl/P2M/byyswgeq@ptbyl/Paytm
20/09/2021,,1185.32,DR,2741.84,UPI/p9eab2hg9rhk@okaxis/P2M/jx33sie9@ptbsi/BigBazaar
20/09/2021,,1415.75,DR,1326.09,UPI/eu3arl2l1o9r@axl/P2M/o67uy2oc@ptbyl/Amazon
20/09/2021,,972.43,DR,353.66,UPI/50zaws2p38it@okhdfc/P2M/vslgkg1e@oksbi/Amazon
20/09/2021,625140,232.41,DR,121.25,UPI/8q0cae63i5yb@paytm/P2M/x2z67s8w@paytm/Airtel
19/09/2021,,3317.26,CR,3438.51,UPI/hqm5fq9v9ke0@paytm
19/09/2021,,763.7,DR,2674.81,UPI/6r6dczs8mhwo@okhdfc/P2M/w7ueii55@ptbsi/VENNA
19/09/2021,,3192.86,CR,5867.67,UPI/qdfi5cev2te1@okaxis
19/09/2021,463467,1119.93,DR,4747.74,UPI/3vcklhx58yrh@oksbi/P2M/1r2yplst@ptbyl/Chala
19/09/2021,,445.14,DR,4302.6,UPI/gmggoxlosiw2@axl/P2M/bulfbyao@oksbi/Edara
19/09/2021,,767.96,DR,3534.64,UPI/uqnmc26dn81y@paytm/P2M/htuofolv@oksbi/Chala
19/09/2021,,338.97,DR,3195.67,UPI/nnhwgfda52c0@oksbi/P2M/dndaze30@paytm/Chala
19/09/2021,163332,472.51,DR,2723.16,UPI/kyts0rjnn5an@axl/P2M/8jn0zt95@oksbi/Edara
19/09/2021,415993,610.93,DR,2112.23,UPI/f7i86nl2l8pn@okhdfc/P2M/4w85rpmc@ptbyl/Amazon
19/09/2021,,1386.04,DR,726.19,UPI/2ny06tm0kwgu@oksbi/P2M/ndbyz2ay@oksbi/Chala
19/09/2021,177812,1643.74,CR,2369.93,UPI/iehk968k5xh0@oksbi
19/09/2021,,880.93,DR,1489.0,UPI/c41sslqv544k@oksbi/P2M/wtiyqrhq@paytm/VENNA
18/09/2021,,1012.43,CR,2501.43,UPI/dahlw4cblye1@okaxis
18/09/2021,,3305.29,CR,5806.72,UPI/obq8s03prxsg@oksbi
18/09/2021,933797,491.31,DR,5315.41,UPI/eo1geajy1xyx@paytm/P2M/tr2rjn30@ptbsi/VENNA
18/09/2021,563038,1361.85,DR,3953.56,UPI/y8tpcmoc13h6@paytm/P2M/08i700lb@oksbi/Paytm
18/09/2021,,32.59,DR,3920.97,UPI/03qbgt1a55tq@oksbi/P2M/po6cyvlc@ptbsi/Paytm
18/09/2021,,4505.69,CR,8426.66,UPI/nphkxzajo8kl@okaxis
18/09/2021,,454.02,DR,7972.64,UPI/ek9uzyufy508@okaxis/P2M/xbabokzq@oksbi/VENNA
18/09/2021,263877,1168.78,DR,6803.86,UPI/59jzngug4lf3@oksbi/P2M/pauz1mwr@ptbsi/Chala
18/09/2021,568590,272.58,DR,6531.28,UPI/260hlehdo4sd@oksbi/P2M/edtqflo2@ptbsi/Airtel
18/09/2021,269456,1356.95,DR,5174.33,UPI/uv2kvh9hqxc5@axl/P2M/q0rjoibk@oksbi/Edara
18/09/2021,,4333.71,CR,9508.04,UPI/zouo8omgke9a@paytm
18/09/2021,,869.14,DR,8638.9,UPI/n719hd4ufg2v@ybl/P2M/ftwvphs5@ptbyl/VENNA
18/09/2021,,805.45,DR,7833.45,UPI/o82xv588fwhw@ybl/P2M/u0btujfw@paytm/Chala
17/09/2021,,1097.2,DR,6736.25,UPI/xwurtziyfvfq@paytm/P2M/wnx68ly5@paytm/AxisBank
17/09/2021,,1378.53,DR,5357.72,UPI/9w5dtk7sq0dw@ybl/P2M/u3rlq9wb@ptbyl/Airtel
17/09/2021,,3729.66,CR,9087.38,UPI/bw5ouvc6peaz@ybl
17/09/2021,217470,1105.28,DR,7982.1,UPI/gvkdo2gfnjuo@paytm/P2M/ltkahon2@paytm/Paytm
17/09/2021,431743,607.44,DR,7374.66,UPI/5skfguntgvm4@oksbi/P2M/vyjq97ox@paytm/VENNA
17/09/2021,,2927.11,CR,10301.77,UPI/c53p5qq7phf0@okaxis
17/09/2021,,3558.62,CR,13860.39,UPI/1gxotze6va7h@oksbi
17/09/2021,,134.02,DR,13726.37,UPI/n6h1qwtd9d4v@okaxis/P2M/b240lwf6@ptbsi/Amazon
17/09/2021,,39.29,DR,13687.08,UPI/0or0u8a68gfl@axl/P2M/zgr8zgjh@oksbi/AxisBank
17/09/2021,,754.85,DR,12932.23,UPI/53b95pupdr4n@okaxis/P2M/6r81dszf@ptbyl/Amazon
17/09/2021,,1383.6,DR,11548.63,UPI/50o60ozl3317@okhdfc/P2M/jneuemhe@paytm/Amazon
17/09/2021,,1049.96,DR,10498.67,UPI/evs1o5301a2w@okhdfc/P2M/vnazd4vb@ptbsi/Airtel
17/09/2021,,1177.52,DR,9321.15,UPI/clcj9p35c5yx@axl/P2M/6cz0i1o8@oksbi/BigBazaar
16/09/2021,,1213.41,DR,8107.74,UPI/r3tz2272t9cw@okhdfc/P2M/bm1g2o8n@oksbi/BigBazaar
16/09/2021,145889,1135.93,DR,6971.81,UPI/5rl0hnyg1rx8@oksbi/P2M/qan3ff9n@oksbi/Edara
16/09/2021,517820,1227.6,DR,5744.21,UPI/m9ugc6h4e4wi@okaxis/P2M/dl2mqiq0@paytm/Amazon
16/09/2021,367763,28.39,DR,5715.82,UPI/21hw0dx7hro4@axl/P2M/e6k1e11z@oksbi/Chala
16/09/2021,,269.05,DR,5446.77,UPI/alyxs28x9hr7@paytm/P2M/6qkmrxr5@ptbyl/Amazon
16/09/2021,427309,991.07,DR,4455.7,UPI/7mjdtg912yft@ybl/P2M/szf55gi6@ptbyl/Paytm
16/09/2021,192183,965.31,DR,3490.39,UPI/djl5xq9jr74n@paytm/P2M/3sw7tgvt@ptbyl/VENNA
16/09/2021,729600,289.75,DR,3200.64,UPI/vbny2uao7wtl@ybl/P2M/zihmwflz@paytm/BigBazaar
16/09/2021,,218.98,DR,2981.66,UPI/7kw2cwmt1k1w@ybl/P2M/thby61cr@oksbi/BigBazaar
16/09/2021,922413,268.09,DR,2713.57,UPI/cbbdc1qm33xn@okhdfc/P2M/rm0qbige@ptbsi/Edara
16/09/2021,880521,869.41,DR,1844.16,UPI/o3bmd1g0yhq4@okhdfc/P2M/inx8ejov@oksbi/VENNA
16/09/2021,584987,824.36,DR,1019.8,UPI/7f43stvpjukt@paytm/P2M/079wik0l@oksbi/Amazon
15/09/2021,,95.95,DR,923.85,UPI/65bka8225scr@okhdfc/P2M/qbxkbyog@oksbi/BigBazaar
15/09/2021,260136,4655.76,CR,5579.61,UPI/db2oz6hfy39h@okaxis
15/09/2021,,179.51,DR,5400.1,UPI/wzz5gez07w4t@okaxis/P2M/rfqm02vp@oksbi/Airtel
15/09/2021,988447,4736.54,CR,10136.64,UPI/mb4gdn6y3phg@okaxis
15/09/2021,474061,128.63,DR,10008.01,UPI/eaxmi3a0yx5c@okhdfc/P2M/clxrjq4c@ptbsi/BigBazaar
15/09/2021,846245,1432.49,DR,8575.52,UPI/gdia8nzp21ml@paytm/P2M/z8zimegc@paytm/Chala
15/09/2021,337083,212.12,DR,8363.4,UPI/f6kod6899sfx@ybl/P2M/nu4gdo63@oksbi/BigBazaar
15/09/2021,948545,369.67,DR,7993.73,UPI/he2rj4dansm3@oksbi/P2M/g1kk2t66@paytm/Paytm
15/09/2021,,1357.1,DR,6636.63,UPI/2fby6il4xyyw@ybl/P2M/lvanfjq3@ptbyl/Paytm
15/09/2021,425013,698.8,DR,5937.83,UPI/drqu9cgy5abn@ybl/P2M/i3i21mcl@oksbi/BigBazaar
15/09/2021,,266.38,DR,5671.45,UPI/9jqdttwfd4ws@axl/P2M/kyn3vqo2@oksbi/Airtel
15/09/2021,381343,646.49,DR,5024.96,UPI/tgp04yy1bogy@okhdfc/P2M/d4yqajo4@ptbsi/BigBazaar
15/09/2021,364286,598.58,DR,4426.38,UPI/nbzowklejfvv@paytm/P2M/70nrjvqr@ptbyl/Airtel
14/09/2021,,412.6,DR,4013.78,UPI/rxpv1kc62lr8@paytm/P2M/0txb9skw@oksbi/VENNA
14/09/2021,206127,1045.14,DR,2968.64,UPI/u2o0yqs9t66f@axl/P2M/73ckwlgf@ptbsi/Flipkart
14/09/2021,,1399.32,DR,1569.32,UPI/n948ii44au0o@ybl/P2M/fubjzvcf@ptbsi/Amazon
14/09/2021,,735.6,DR,833.72,UPI/ghwpzpik5a17@okhdfc/P2M/586my7rn@ptbyl/Edara
14/09/2021,449442,580.79,DR,252.93,UPI/yi0ow9vvx86k@paytm/P2M/jjmxsy1s@ptbyl/Edara
14/09/2021,,61.79,DR,191.14,UPI/pea8uz7oaqgb@okaxis/P2M/c02m8hjl@oksbi/Flipkart
14/09/2021,519009,1663.33,CR,1854.47,UPI/gpgrkfwbr54o@paytm
14/09/2021,,1089.37,DR,765.1,UPI/kyb12rots6zy@oksbi/P2M/pl8f9yi5@paytm/Flipkart
14/09/2021,,396.34,DR,368.76,UPI/e9ufuvlbs13x@okhdfc/P2M/b5oz9nkk@ptbsi/Airtel
14/09/2021,758871,3395.82,CR,3764.58,UPI/kq6sidpeyr25@paytm
13/09/2021,,1340.49,DR,2424.09,UPI/adct5bq7ro20@okhdfc/P2M/w3j8ngpk@paytm/AxisBank
13/09/2021,943142,325.26,DR,2098.83,UPI/mblbey99tkwz@ybl/P2M/n62xaicx@oksbi/Chala
13/09/2021,,167.43,DR,1931.4,UPI/e6q7dfsx48kw@axl/P2M/f41uquls@ptbyl/Edara
13/09/2021,,854.16,DR,1077.24,UPI/mx7rzyz67ynd@okhdfc/P2M/32q571pt@ptbsi/Edara
13/09/2021,,4447.46,CR,5524.7,UPI/dduxtiu5rehu@okhdfc
13/09/2021,,533.78,DR,4990.92,UPI/ysjjqesozoz9@oksbi/P2M/095tndmf@ptbyl/Edara
13/09/2021,,594.98,DR,4395.94,UPI/8rauvki165yk@axl/P2M/xsynl7bt@oksbi/AxisBank
13/09/2021,,1153.06,DR,3242.88,UPI/vj0khpuv3x42@oksbi/P2M/xo3cwvyg@ptbyl/Airtel
13/09/2021,,287.62,DR,2955.26,UPI/lm4yx4d0hsqx@ybl/P2M/bwmaqnsa@ptbsi/VENNA
13/09/2021,326718,1272.89,DR,1682.37,UPI/gqt6ixtiurwv@paytm/P2M/duk1vv5o@ptbsi/AxisBank
13/09/2021,,187.06,DR,1495.31,UPI/9ts1udh89h8g@axl/P2M/fudq97di@paytm/Edara
13/09/2021,,551.66,DR,943.65,UPI/13rvmnhq21r2@oksbi/P2M/ji2xfdz9@oksbi/Flipkart
13/09/2021,209113,600.33,DR,343.32,UPI/br9p256dghnd@oksbi/P2M/40xx0u73@paytm/Edara
12/09/2021,268004,1740.32,CR,2083.64,UPI/hrnmdv14ehlg@okhdfc
12/09/2021,,2652.51,CR,4736.15,UPI/aw6e0wli22l0@okhdfc
12/09/2021,915631,141.17,DR,4594.98,UPI/63xc627xt7z7@paytm/P2M/3tj8jmzt@oksbi/VENNA
12/09/2021,,444.77,DR,4150.21,UPI/taakwiho3mk3@okaxis/P2M/6ujvpv8z@oksbi/Paytm
12/09/2021,427277,169.33,DR,3980.88,UPI/3ov8l6g5h6fy@okaxis/P2M/b2nkp1m8@ptbsi/Chala
12/09/2021,,2606.01,CR,6586.89,UPI/uwawlddznzxv@oksbi
12/09/2021,,1328.97,DR,5257.92,UPI/s8g9slxy2l0d@paytm/P2M/docbisdd@ptbsi/Edara
12/09/2021,,937.33,DR,4320.59,UPI/l9zak9m28dhp@ybl/P2M/6m7nd3fe@paytm/Edara
12/09/2021,382458,692.26,CR,5012.85,UPI/n49sdpbb3bg9@okhdfc
12/09/2021,,267.03,DR,4745.82,UPI/zk4bx3r6i6e4@okhdfc/P2M/44fpzb9g@ptbyl/VENNA
12/09/2021,808479,209.48,DR,4536.34,UPI/3z2e9j38xgwb@okaxis/P2M/s4up92lb@ptbsi/Amazon
12/09/2021,,1242.35,DR,3293.99,UPI/1qvuuku3h6a4@oksbi/P2M/3vnt90y2@oksbi/AxisBank
11/09/2021,827246,535.62,DR,2758.37,UPI/2bktu1kdtnhu@okaxis/P2M/68jb5wmc@paytm/Amazon
11/09/2021,,1261.06,DR,1497.31,UPI/hqrzadfhznwr@paytm/P2M/1xarewb6@oksbi/Amazon
11/09/2021,,292.62,DR,1204.69,UPI/wwifqmbqw4x5@ybl/P2M/mb36ygyg@ptbsi/Airtel
11/09/2021,652455,880.53,DR,324.16,UPI/gm5yscnenmv4@oksbi/P2M/xw6p6uht@oksbi/VENNA
11/09/2021,,168.34,DR,155.82,UPI/9vd22gopu976@okaxis/P2M/nifs0k7u@ptbyl/Edara
10/09/2021,,3454.43,CR,3610.25,UPI/2cmuwahgts2z@axl
10/09/2021,,276.15,DR,3334.1,UPI/psryc0qf0jbq@okaxis/P2M/841m6ghv@oksbi/Flipkart
10/09/2021,,553.32,DR,2780.78,UPI/m3klitr54xe2@okaxis/P2M/5kotu0jb@paytm/Airtel
10/09/2021,,769.38,DR,2011.4,UPI/pdw3zsa61vqb@oksbi/P2M/3el27p6a@oksbi/Flipkart
10/09/2021,,402.19,DR,1609.21,UPI/nawp9vh4o66s@oksbi/P2M/k0qygx5t@ptbyl/Paytm
10/09/2021,792006,1183.49,DR,425.72,UPI/lz383441hhux@okaxis/P2M/1clkvlxg@oksbi/Paytm
10/09/2021,,238.71,DR,187.01,UPI/h4po9zmm9v25@axl/P2M/hrs6ifvn@ptbyl/Airtel
09/09/2021,,147.89,CR,334.9,UPI/szfrq3cbq3qz@axl
09/09/2021,,56.21,DR,278.69,UPI/2qp9nkbnd52v@paytm/P2M/d2os7mx5@ptbyl/Paytm
09/09/2021,437318,183.32,DR,95.37,UPI/c15fnzcrlsn7@oksbi/P2M/aa8bp44d@oksbi/Chala
09/09/2021,,3334.81,CR,3430.18,UPI/tp6t2n4j9fxb@okhdfc
09/09/2021,182549,32.23,DR,3397.95,UPI/j5ye7s72sk96@oksbi/P2M/r2szg0l9@oksbi/Chala
09/09/2021,270990,725.75,DR,2672.2,UPI/qwjgu4h3vtnc@oksbi/P2M/8dp37qxb@oksbi/BigBazaar
09/09/2021,,217.28,DR,2454.92,UPI/qxl7vgth6hc2@axl/P2M/jc1e2apw@oksbi/Paytm
09/09/2021,,1355.5,DR,1099.42,UPI/21b21cvxs9qx@axl/P2M/9svqjixq@ptbyl/Edara
09/09/2021,,749.59,DR,349.83,UPI/c3a63481af1e@okhdfc/P2M/kl7rxjqx@oksbi/Edara
09/09/2021,731679,279.27,DR,70.56,UPI/1udpf7qyxsi2@oksbi/P2M/ijc8l1jp@paytm/Paytm
08/09/2021,104542,2594.26,CR,2664.82,UPI/4lvuyrxor9kc@okaxis
08/09/2021,,1000.7,DR,1664.12,UPI/ccs91jv6ktbx@okhdfc/P2M/a06cp9ns@oksbi/Flipkart
08/09/2021,736318,1057.33,DR,606.79,UPI/qfs8goqrnfu4@okaxis/P2M/j3l1rgtt@ptbsi/Edara
08/09/2021,,559.86,DR,46.93,UPI/4mnl9b49jfvz@axl/P2M/fie1gu11@ptbsi/VENNA
08/09/2021,,1316.34,CR,1363.27,UPI/am3zr22dqn2t@okaxis
08/09/2021,,3550.73,CR,4914.0,UPI/n6mxipwqrfay@okaxis
08/09/2021,,138.69,DR,4775.31,UPI/y2635yxd2jnq@paytm/P2M/8fh3oevv@ptbyl/AxisBank
08/09/2021,318187,317.58,DR,4457.73,UPI/zq5ohidrmrxr@axl/P2M/igv9wugn@ptbsi/VENNA
08/09/2021,,885.91,DR,3571.82,UPI/1x3rkhpgxgk5@okhdfc/P2M/ao7cvrl9@ptbsi/Edara
08/09/2021,,921.44,DR,2650.38,UPI/xr1zsg50j6mi@axl/P2M/zzlp8z97@ptbyl/Amazon
08/09/2021,,473.57,CR,3123.95,UPI/yhi1ob3mmfu4@okhdfc
07/09/2021,581715,549.08,DR,2574.87,UPI/vgx2197yye5s@ybl/P2M/8bfkfk27@ptbyl/Paytm
07/09/2021,,867.41,DR,1707.46,UPI/evs7nrfgpd1l@okaxis/P2M/yvjg2t4u@paytm/Flipkart
07/09/2021,,1034.8,DR,672.66,UPI/4oepwxe1cdsq@okhdfc/P2M/ayi1ak6z@oksbi/Paytm
07/09/2021,974211,92.26,DR,580.4,UPI/efsbz87bus5d@paytm/P2M/orptj38c@ptbsi/VENNA
07/09/2021,,648.89,CR,1229.29,UPI/1xphfm53f1m5@okaxis
07/09/2021,,1125.94,CR,2355.23,UPI/q4ks79b2lvl4@axl
07/09/2021,,1071.08,CR,3426.31,UPI/34lk6j83ck7m@ybl
07/09/2021,,338.17,DR,3088.14,UPI/sdxkjdq85y2g@oksbi/P2M/xj1x6cfs@ptbyl/Flipkart
07/09/2021,,902.91,DR,2185.23,UPI/tbpfj9zjw99b@axl/P2M/nast8urk@oksbi/Flipkart
07/09/2021,957335,218.49,CR,2403.72,UPI/1snevcpzwewp@axl
07/09/2021,976622,1375.59,DR,1028.13,UPI/3kysgw1fh0bq@oksbi/P2M/32lab6t5@ptbyl/Paytm
06/09/2021,,327.6,DR,700.53,UPI/44j6lv5h1jnb@axl/P2M/potdiisf@oksbi/Edara
06/09/2021,468500,143.31,DR,557.22,UPI/65xqt42oixsy@okhdfc/P2M/7nsgf8mx@oksbi/BigBazaar
06/09/2021,,2557.53,CR,3114.75,UPI/hzrp63b6x2mk@axl
06/09/2021,,23.11,DR,3091.64,UPI/rsnvt6e2q3wl@okaxis/P2M/a2a1e7jf@paytm/Airtel
06/09/2021,,1249.22,DR,1842.42,UPI/7jro34bxxwvn@oksbi/P2M/cf8jcfwr@ptbsi/Chala
06/09/2021,258228,164.98,DR,1677.44,UPI/5mg754nwxymv@ybl/P2M/0qywfotl@ptbyl/Flipkart
06/09/2021,,58.69,DR,1618.75,UPI/oxflrbmu2kaa@okhdfc/P2M/v6gw5wrg@ptbyl/AxisBank
06/09/2021,204767,624.2,DR,994.55,UPI/xp8hrxwdqah4@axl/P2M/ezmxps20@paytm/Flipkart
06/09/2021,,975.19,DR,19.36,UPI/6kp4fpi865x3@axl/P2M/dzy9f9bl@paytm/Amazon
06/09/2021,,842.72,CR,862.08,UPI/4uutujr1k3rk@okhdfc
06/09/2021,,212.41,DR,649.67,UPI/0mfll06woa7m@axl/P2M/ow27467x@ptbyl/Amazon
06/09/2021,999337,313.39,DR,336.28,UPI/37eu1inqfr8q@okhdfc/P2M/knq07oyg@oksbi/Airtel
05/09/2021,,58.81,DR,277.47,UPI/dzugbhb49fdf@axl/P2M/1mvxbgzj@oksbi/VENNA
05/09/2021,,183.62,DR,93.85,UPI/q1e6k0wylhin@okhdfc/P2M/f2urja8w@paytm/Flipkart
05/09/2021,,3430.53,CR,3524.38,UPI/5vq8m14e0u0i@paytm
05/09/2021,,827.76,DR,2696.62,UPI/gy5jv9a84ml4@ybl/P2M/xuzpgsrc@ptbsi/BigBazaar
04/09/2021,440464,4433.32,CR,7129.94,UPI/rj3cqwfaud2u@oksbi
04/09/2021,207941,348.64,DR,6781.3,UPI/wff9p6s0jc6r@oksbi/P2M/1dl9aynb@paytm/Paytm
04/09/2021,,597.09,DR,6184.21,UPI/u76284fuk5x1@okhdfc/P2M/vkcoly63@ptbsi/Paytm
04/09/2021,,539.14,DR,5645.07,UPI/qku7gx9qf6fn@ybl/P2M/fis0ds3g@paytm/Airtel
04/09/2021,,383.23,DR,5261.84,UPI/9rnsm5hf3zah@paytm/P2M/eaav1d9r@ptbsi/VENNA
04/09/2021,318564,1125.63,DR,4136.21,UPI/8nppjuv23psf@axl/P2M/zq5ontw8@oksbi/Paytm
04/09/2021,,350.18,DR,3786.03,UPI/05vsf6cqi4mu@okaxis/P2M/sq5sn52r@ptbyl/Flipkart
04/09/2021,538186,1097.34,DR,2688.69,UPI/uohsaffkhp5p@okhdfc/P2M/8m4lezvk@paytm/Amazon
04/09/2021,,1761.21,CR,4449.9,UPI/et5xao4xuydc@okhdfc
04/09/2021,,86.14,DR,4363.76,UPI/cl974af9w27s@paytm/P2M/pwsenyc7@ptbsi/BigBazaar
04/09/2021,,250.21,DR,4113.55,UPI/lm00qwhbye6o@axl/P2M/50bgljsr@paytm/Edara
04/09/2021,174848,1217.27,DR,2896.28,UPI/turlnbcpg54e@ybl/P2M/w1vqdy9k@oksbi/Edara
04/09/2021,,199.51,DR,2696.77,UPI/r3c4cfb2ynfb@ybl/P2M/3dmhfjx1@paytm/Chala
03/09/2021,,3218.56,CR,5915.33,UPI/j95owsad85t2@axl
03/09/2021,,497.64,DR,5417.69,UPI/y1v7sbh5ja2z@axl/P2M/zefdf5h5@ptbsi/Airtel
03/09/2021,,547.81,DR,4869.88,UPI/1febyzzb0md6@okhdfc/P2M/g8kiwgzf@ptbyl/VENNA
03/09/2021,586094,713.1,DR,4156.78,UPI/2wqefiwnae9f@paytm/P2M/q07xja2r@ptbsi/AxisBank
03/09/2021,,996.42,DR,3160.36,UPI/e9j0hyideljh@okaxis/P2M/svo19et6@ptbyl/Paytm
03/09/2021,,732.19,DR,2428.17,UPI/x19jaiw8k5uo@axl/P2M/b8vfqpnw@ptbyl/Edara
03/09/2021,,1279.19,CR,3707.36,UPI/3953demufbc3@axl
03/09/2021,374509,789.5,DR,2917.86,UPI/ief3wjz2djrz@okhdfc/P2M/edkds1ol@ptbsi/Paytm
03/09/2021,,1413.55,DR,1504.31,UPI/owut97lnwe0u@paytm/P2M/e0v40zlj@ptbsi/Edara
03/09/2021,,115.23,DR,1389.08,UPI/kprjq9fs19sr@ybl/P2M/hm8pj76f@paytm/BigBazaar
03/09/2021,,1254.2,CR,2643.28,UPI/8lmv5vxrsnvx@paytm
03/09/2021,,1097.37,DR,1545.91,UPI/e4bighobez5o@ybl/P2M/z80ttma1@paytm/Amazon
03/09/2021,,971.27,DR,574.64,UPI/q9mv57yx4i0m@ybl/P2M/v25x9d67@ptbyl/Airtel
02/09/2021,,492.13,DR,82.51,UPI/gds2jqz8wtxd@okhdfc/P2M/twl5qdr9@ptbsi/BigBazaar
02/09/2021,,45.13,DR,37.38,UPI/wyos2yjqv2bm@axl/P2M/x1sjjvyo@ptbyl/Flipkart
01/09/2021,316829,2772.86,CR,2810.24,UPI/mirj2z2lg0p3@oksbi
01/09/2021,,463.83,DR,2346.41,UPI/o1aexst29iyb@oksbi/P2M/kjvmf4r8@ptbsi/Amazon
01/09/2021,216665,393.95,DR,1952.46,UPI/y06tfh6b9ftc@okaxis/P2M/ghf699vw@paytm/Edara
01/09/2021,,462.65,DR,1489.81,UPI/y35uydsrc986@axl/P2M/06lfjep9@oksbi/Paytm
01/09/2021,,1381.67,DR,108.14,UPI/sne21k81mmr5@oksbi/P2M/eg2ifx4o@paytm/Chala
31/08/2021,207831,2253.15,CR,2361.29,UPI/s0l9qpq7k56r@paytm
31/08/2021,330324,623.94,DR,1737.35,UPI/2qez4o7zjm10@oksbi/P2M/kkm5i260@paytm/Paytm
31/08/2021,945480,549.3,DR,1188.05,UPI/x7vqogmeqhcl@oksbi/P2M/6opbd6gh@oksbi/Amazon
31/08/2021,613211,770.91,DR,417.14,UPI/9ytpx0kiecls@okhdfc/P2M/ve19922m@oksbi/Edara
31/08/2021,791952,843.41,CR,1260.55,UPI/jesh942vxyhg@okhdfc
30/08/2021,662384,1182.82,DR,77.73,UPI/bib1k0zhzhop@okhdfc/P2M/stg08so2@oksbi/Amazon
29/08/2021,,3046.34,CR,3124.07,UPI/0nt73kr5m7o6@okaxis
29/08/2021,872261,321.71,DR,2802.36,UPI/qg9zemzoze94@ybl/P2M/3iz2tnz6@ptbyl/Amazon
29/08/2021,,1171.75,DR,1630.61,UPI/rvp2vvjf6adv@ybl/P2M/pduxpwdt@ptbyl/Airtel
29/08/2021,,96.42,DR,1534.19,UPI/vhsc0kh7gijp@axl/P2M/j7dtbxjm@paytm/VENNA
29/08/2021,,694.8,DR,839.39,UPI/fw5pdxdyltlj@okaxis/P2M/33tmhkp9@ptbsi/Amazon
29/08/2021,,94.05,DR,745.34,UPI/nk0qq23y9vwb@okaxis/P2M/ljtyw9wq@ptbsi/BigBazaar
29/08/2021,,293.17,DR,452.17,UPI/w387l2uexlvg@axl/P2M/v3dnnlbd@oksbi/Airtel
28/08/2021,555459,127.89,DR,324.28,UPI/4b7hn5bft9ua@okaxis/P2M/vf0qber6@oksbi/VENNA
28/08/2021,,58.98,DR,265.3,UPI/0h7knbsosx03@ybl/P2M/2o3mlfev@ptbyl/BigBazaar
28/08/2021,,1432.98,CR,1698.28,UPI/asdd6nngsz95@axl
28/08/2021,,439.0,DR,1259.28,UPI/sngx86out94u@oksbi/P2M/xicltid5@paytm/Chala
28/08/2021,,3313.42,CR,4572.7,UPI/engzxtq3aeii@paytm
28/08/2021,847217,354.42,DR,4218.28,UPI/b1fovapfpp4s@okhdfc/P2M/0bxswhnv@ptbsi/AxisBank
28/08/2021,901715,1470.23,DR,2748.05,UPI/wbo5kni26oep@axl/P2M/jjd3v0yu@ptbsi/Airtel
27/08/2021,,1137.85,CR,3885.9,UPI/6jzi0z2hb39d@paytm
27/08/2021,384345,4590.12,CR,8476.02,UPI/3trcvfkrkrwo@okaxis
27/08/2021,613872,505.91,DR,7970.11,UPI/iaycujjpct9c@okaxis/P2M/zq2moe0r@ptbyl/Chala
27/08/2021,,990.15,DR,6979.96,UPI/b8vckr6vtl8p@ybl/P2M/7zq8sthi@oksbi/AxisBank
27/08/2021,203726,910.42,DR,6069.54,UPI/cotf8iwxtk1r@paytm/P2M/3ewosxe8@ptbsi/Chala
27/08/2021,,327.11,DR,5742.43,UPI/7pj7cw0h3t1u@ybl/P2M/0jtvj05c@oksbi/Chala
27/08/2021,159094,3005.33,CR,8747.76,UPI/oah5qw7hhjdj@paytm
27/08/2021,,847.61,DR,7900.15,UPI/qtrpi5x8vsb2@okhdfc/P2M/wr48kgkz@oksbi/BigBazaar
27/08/2021,,1120.08,DR,6780.07,UPI/2o8667jyq6ma@ybl/P2M/n44qor4x@oksbi/VENNA
27/08/2021,,875.99,DR,5904.08,UPI/jqpnyq52lfeg@okaxis/P2M/nz67z2nq@oksbi/Paytm
27/08/2021,940384,1345.15,DR,4558.93,UPI/t61c5a1q4fzj@oksbi/P2M/hkj3189r@ptbsi/VENNA
27/08/2021,147781,1471.31,DR,3087.62,UPI/bzhcv6s1t4ds@axl/P2M/3fjfq6hu@ptbsi/Chala
27/08/2021,402445,1452.8,DR,1634.82,UPI/9na69ptlak9h@axl/P2M/qf83e27z@ptbsi/AxisBank
26/08/2021,371806,197.74,DR,1437.08,UPI/0cghijxxmf6z@okaxis/P2M/s271ke7j@paytm/AxisBank
26/08/2021,,1244.16,DR,192.92,UPI/wgb1m19fk6lg@okaxis/P2M/kejom8xh@paytm/VENNA
26/08/2021,252910,3015.36,CR,3208.28,UPI/yfxaetse1gu7@ybl
26/08/2021,,41.7,DR,3166.58,UPI/n7ejmjjra5ku@okhdfc/P2M/9hysd6yb@ptbyl/Flipkart
26/08/2021,,1297.84,DR,1868.74,UPI/ugpbfnnb6g6w@okhdfc/P2M/0jng2tua@oksbi/Airtel
26/08/2021,604610,464.47,DR,1404.27,UPI/91l99d8wx2h4@axl/P2M/06rh12rg@oksbi/Edara
26/08/2021,,448.87,DR,955.4,UPI/k1qw0sj99rkx@paytm/P2M/pdamfxbk@ptbsi/Flipkart
26/08/2021,,36.41,DR,918.99,UPI/o2re43q91quc@paytm/P2M/o1uxlqnj@oksbi/Chala
26/08/2021,,700.3,DR,218.69,UPI/hd3vzuaa9op4@okhdfc/P2M/14kqxrrg@paytm/Flipkart
25/08/2021,,3973.76,CR,4192.45,UPI/seoty5s15t8p@oksbi
25/08/2021,,555.51,DR,3636.94,UPI/71mspdh7ycvc@okaxis/P2M/mboyorzb@ptbyl/Edara
25/08/2021,,714.44,DR,2922.5,UPI/bimckldo8p1e@okaxis/P2M/8q5j8ozo@paytm/Chala
25/08/2021,496951,562.33,DR,2360.17,UPI/pif4vamsxboo@axl/P2M/4r418pww@ptbsi/Paytm
25/08/2021,,468.27,DR,1891.9,UPI/ztjvb1ofn6c6@axl/P2M/gdad0r1w@ptbyl/Airtel
25/08/2021,,757.82,DR,1134.08,UPI/vta5obhqv589@okaxis/P2M/vrlgr6mh@ptbyl/Amazon
25/08/2021,,774.65,DR,359.43,UPI/i2mmha0kqjdn@oksbi/P2M/9auvoejy@oksbi/VENNA
24/08/2021,,2232.26,CR,2591.69,UPI/o1q7huskqzli@oksbi
24/08/2021,,840.73,DR,1750.96,UPI/49p9v574enjr@oksbi/P2M/o74v73ux@paytm/AxisBank
24/08/2021,,227.27,DR,1523.69,UPI/kcpjknqe3w12@oksbi/P2M/tsql3w9p@oksbi/Chala
24/08/2021,776547,4530.78,CR,6054.47,UPI/dwyl12ms26tt@axl
24/08/2021,205119,123.71,DR,5930.76,UPI/m40lxp5usu03@axl/P2M/q1kncjy6@ptbyl/Amazon
24/08/2021,,1449.85,DR,4480.91,UPI/6lhevmt088vd@okhdfc/P2M/05ara50k@ptbsi/Amazon
23/08/2021,151186,4834.19,CR,9315.1,UPI/nufv1zcm7cux@okaxis
23/08/2021,,1012.89,DR,8302.21,UPI/kkkscubcczoy@ybl/P2M/m7pzjbdr@ptbyl/Chala
23/08/2021,,914.48,DR,7387.73,UPI/cj3nareyakbo@okhdfc/P2M/ii5t0zj8@ptbsi/Paytm
23/08/2021,,4330.48,CR,11718.21,UPI/c3tv0m6ktvyb@oksbi
23/08/2021,275319,1319.52,DR,10398.69,UPI/11py8jwk4bde@oksbi/P2M/i4qa5sog@ptbyl/Edara
23/08/2021,480869,755.86,DR,9642.83,UPI/3vs84gmx5442@oksbi/P2M/q2854zdo@oksbi/Amazon
23/08/2021,558740,694.01,DR,8948.82,UPI/pginu3q7e5re@paytm/P2M/oqpmsfq4@ptbsi/Paytm
23/08/2021,,865.73,DR,8083.09,UPI/b5demhpt06rc@axl/P2M/71ltfl5t@ptbyl/Edara
23/08/2021,,4573.62,CR,12656.71,UPI/twpcjvy18b5u@ybl
23/08/2021,,382.24,DR,12274.47,UPI/lj3ka9fusmrg@axl/P2M/9mugrmal@ptbsi/BigBazaar
23/08/2021,,2463.25,CR,14737.72,UPI/6zoi0tq4kf3b@oksbi
23/08/2021,479253,745.49,DR,13992.23,UPI/cz6njc9sop8r@axl/P2M/gv461cr9@ptbsi/Airtel
23/08/2021,,416.55,DR,13575.68,UPI/srgye0wso9x0@axl/P2M/be6kqwp8@paytm/BigBazaar
22/08/2021,,638.72,DR,12936.96,UPI/8jwhpydd3y6m@paytm/P2M/qkcah32q@ptbsi/Paytm
22/08/2021,516692,967.04,DR,11969.92,UPI/4z45zhparhj9@oksbi/P2M/tyu1jwly@ptbsi/Airtel
22/08/2021,518753,860.68,DR,11109.24,UPI/fvx2a2ka8zwc@okhdfc/P2M/0nsqz9e4@paytm/Airtel
22/08/2021,991000,702.52,DR,10406.72,UPI/eaujn8li557g@axl/P2M/mbg7i48c@oksbi/Amazon
22/08/2021,,881.62,DR,9525.1,UPI/78nwt58kw5uw@axl/P2M/gmhi5eog@paytm/Flipkart
22/08/2021,,510.3,DR,9014.8,UPI/remqw0104cp7@okaxis/P2M/o2blv2v3@ptbsi/AxisBank
22/08/2021,,1709.01,CR,10723.81,UPI/lu90nql1qedb@paytm
22/08/2021,,1326.43,DR,9397.38,UPI/dk8en8heqej9@ybl/P2M/k312ojn4@ptbsi/VENNA
22/08/2021,,334.3,DR,9063.08,UPI/1qeqzb8xvd3l@okhdfc/P2M/ltq06vcy@ptbsi/Airtel
22/08/2021,101004,881.56,DR,8181.52,UPI/b5ezatj3cmw6@ybl/P2M/m87nf1bb@ptbsi/Flipkart
22/08/2021,,457.48,DR,7724.04,UPI/pveibr053gwi@okaxis/P2M/03i9suwe@paytm/AxisBank
22/08/2021,,586.56,DR,7137.48,UPI/n9ty8b1t3k8j@okhdfc/P2M/6od5eq2f@oksbi/AxisBank
22/08/2021,788728,2543.06,CR,9680.54,UPI/ao1czw3qq82g@axl
21/08/2021,252648,4058.33,CR,13738.87,UPI/uzjwa7ytekao@paytm
21/08/2021,,1558.85,CR,15297.72,UPI/945hvg8mlk00@axl
21/08/2021,,857.02,CR,16154.74,UPI/ikgc2tqiy91k@okhdfc
21/08/2021,,278.56,DR,15876.18,UPI/ehiyne19xf2e@ybl/P2M/eqfbngl2@oksbi/Airtel
21/08/2021,349277,346.32,DR,15529.86,UPI/wdxqbg8g3ls8@axl/P2M/bx3clu2k@paytm/AxisBank
21/08/2021,,524.26,DR,15005.6,UPI/8qlj3aouyll0@ybl/P2M/m7tnt4ek@ptbyl/Amazon
21/08/2021,,922.18,DR,14083.42,UPI/ktld9i4umfvj@okaxis/P2M/y98n9ohj@ptbyl/Airtel
21/08/2021,418456,3024.74,CR,17108.16,UPI/rqnfkiqbtuba@axl
21/08/2021,,358.9,DR,16749.26,UPI/b3r639n36s9a@okaxis/P2M/109gon9s@paytm/Amazon
21/08/2021,584389,1342.27,DR,15406.99,UPI/8rngybwyckor@ybl/P2M/wk59unvr@oksbi/Airtel
21/08/2021,785642,866.12,DR,14540.87,UPI/ed35shi68nrx@axl/P2M/1yhocjja@ptbsi/Flipkart
21/08/2021,,412.78,DR,14128.09,UPI/sr4rfy38ddy2@okhdfc/P2M/7xi276jv@paytm/BigBazaar
21/08/2021,403645,584.7,DR,13543.39,UPI/403shwr4hokm@axl/P2M/ah2x8ynw@ptbyl/AxisBank
20/08/2021,688050,775.7,DR,12767.69,UPI/sxrr45mlvrj1@okhdfc/P2M/o1urcpd1@paytm/Paytm
20/08/2021,640644,711.25,DR,12056.44,UPI/spixwv6u47n1@ybl/P2M/frf8e17x@ptbyl/VENNA
20/08/2021,,387.39,DR,11669.05,UPI/najnvwcqk4gw@okhdfc/P2M/adl1pvwr@oksbi/Paytm
20/08/2021,498333,1304.43,DR,10364.62,UPI/d1uckttdqtqx@axl/P2M/dww0e1be@oksbi/BigBazaar
20/08/2021,,1443.1,DR,8921.52,UPI/6d7yj27rbzyo@okaxis/P2M/eh1trg89@ptbyl/VENNA
20/08/2021,,70.65,DR,8850.87,UPI/tvthbg0mrt6t@okhdfc/P2M/rr704fwa@paytm/Paytm
20/08/2021,,1405.34,DR,7445.53,UPI/prjcbt4qqhba@paytm/P2M/aqx2d40e@ptbsi/Airtel
20/08/2021,,536.76,DR,6908.77,UPI/czlm7jija57j@oksbi/P2M/6tuc29rh@oksbi/Airtel
20/08/2021,,1349.85,DR,5558.92,UPI/o7e2jj3mk1k9@axl/P2M/7hlik8zi@paytm/BigBazaar
20/08/2021,642878,3092.16,CR,8651.08,UPI/p9irdmt821te@axl
20/08/2021,426653,1427.94,DR,7223.14,UPI/jwarklhcrwjp@axl/P2M/xdfnoe38@oksbi/AxisBank
20/08/2021,,1093.53,DR,6129.61,UPI/jvw4ngczyfue@okhdfc/P2M/kioal16v@ptbyl/Amazon
20/08/2021,,56.26,DR,6073.35,UPI/q8972frhv7pe@paytm/P2M/6q3au6p0@paytm/Flipkart
19/08/2021,751943,709.12,DR,5364.23,UPI/jeptorsa5t34@okhdfc/P2M/td05hn47@ptbsi/Airtel
19/08/2021,,1441.67,DR,3922.56,UPI/8xs2857oibna@okaxis/P2M/7e6bsgmw@ptbyl/Amazon
19/08/2021,,11.22,DR,3911.34,UPI/monnzqnca4ry@okhdfc/P2M/102j321w@ptbyl/BigBazaar
19/08/2021,,662.91,DR,3248.43,UPI/vmxztx3pztxx@paytm/P2M/zenbaidr@ptbyl/Airtel
19/08/2021,,1275.25,DR,1973.18,UPI/cp1nay9nufgp@paytm/P2M/54pfd07p@paytm/Airtel
19/08/2021,128738,1136.01,DR,837.17,UPI/cabf38czx594@paytm/P2M/5c05j9xz@ptbyl/Amazon
19/08/2021,453325,2704.28,CR,3541.45,UPI/r4z1gvjuxysc@oksbi
19/08/2021,160849,339.71,DR,3201.74,UPI/grwj1c7louc6@ybl/P2M/1se5jpwb@ptbsi/Amazon
19/08/2021,234638,1124.58,DR,2077.16,UPI/tnsgepz654j1@paytm/P2M/y22w9skt@paytm/Flipkart
19/08/2021,902839,1190.7,DR,886.46,UPI/d7qpq5w7jhep@ybl/P2M/w9y0pvgb@ptbsi/BigBazaar
19/08/2021,,497.87,DR,388.59,UPI/1nc28yqq8azn@ybl/P2M/5jhnvgub@paytm/Amazon
19/08/2021,,3719.1,CR,4107.69,UPI/pizsd6zku2oc@paytm
18/08/2021,,492.98,DR,3614.71,UPI/o8mnnpyelv2c@ybl/P2M/vmdp1lnt@paytm/VENNA
18/08/2021,,1020.05,DR,2594.66,UPI/zq5puav2wec0@ybl/P2M/45mkisua@paytm/Paytm
18/08/2021,334021,317.87,DR,2276.79,UPI/msjmye8vf8zb@paytm/P2M/5rwuyxiw@ptbsi/AxisBank
18/08/2021,,4706.76,CR,6983.55,UPI/dcy75rdwcml1@oksbi
18/08/2021,,388.29,DR,6595.26,UPI/8zsfcujnypco@okhdfc/P2M/bi4uehdu@oksbi/AxisBank
18/08/2021,,1178.76,DR,5416.5,UPI/uawbogsedbm0@ybl/P2M/ttmsbvl8@paytm/Amazon
18/08/2021,,802.73,DR,4613.77,UPI/bb6hur2h2bwu@ybl/P2M/xqa3zb56@ptbyl/Airtel
18/08/2021,,568.83,DR,4044.94,UPI/eiuuy9rm8ggo@ybl/P2M/hfd3ti1f@paytm/VENNA
18/08/2021,353702,608.19,DR,3436.75,UPI/qxe49x9w03mq@ybl/P2M/lm7kcolx@ptbsi/Edara
18/08/2021,793499,1020.47,DR,2416.28,UPI/355uibpcodhd@okaxis/P2M/xyqfk5v0@oksbi/Edara
18/08/2021,,716.04,DR,1700.24,UPI/23sxu7bv1w3u@axl/P2M/2ttui1mx@paytm/Amazon
18/08/2021,,1283.14,DR,417.1,UPI/4ndb74qywuf3@oksbi/P2M/p1g0dqsm@ptbsi/VENNA
17/08/2021,,218.02,DR,199.08,UPI/vklbqkaertcf@ybl/P2M/hzpns85l@oksbi/VENNA
16/08/2021,958819,2474.88,CR,2673.96,UPI/3v0y44cvgbb0@okaxis
16/08/2021,,187.03,DR,2486.93,UPI/zrskjplm1epe@ybl/P2M/4b6kpxai@oksbi/Paytm
16/08/2021,668316,1186.22,DR,1300.71,UPI/utpv7wz4bksu@paytm/P2M/nuchhuy4@ptbsi/Chala
16/08/2021,953471,796.73,DR,503.98,UPI/3dqo7p44la3w@ybl/P2M/jrlp9w27@paytm/Flipkart
16/08/2021,205703,306.35,DR,197.63,UPI/cf8u8ccpy7ax@paytm/P2M/h72lo3iq@ptbsi/VENNA
16/08/2021,626065,4242.84,CR,4440.47,UPI/6tfuibtl0j0n@okhdfc
16/08/2021,553328,140.48,DR,4299.99,UPI/371qt5ljhg3k@paytm/P2M/c7lq2r3a@ptbsi/Amazon
16/08/2021,111422,1038.21,DR,3261.78,UPI/1y9e0fwxgpkh@oksbi/P2M/3zh8ea9l@ptbyl/Airtel
16/08/2021,,3086.13,CR,6347.91,UPI/c4ok1hqyagnu@oksbi
16/08/2021,,736.21,DR,5611.7,UPI/4o2l77vkhoys@okhdfc/P2M/uy4snj14@ptbsi/Edara
15/08/2021,,165.17,DR,5446.53,UPI/e8fnv18n7t9s@oksbi/P2M/c7vtq1ty@paytm/Amazon
15/08/2021,,72.58,DR,5373.95,UPI/pykgnzngrdle@ybl/P2M/txwu3dez@ptbsi/Chala
15/08/2021,,850.85,DR,4523.1,UPI/azkr7nayxm04@axl/P2M/0s8706nu@ptbyl/AxisBank
15/08/2021,,865.01,DR,3658.09,UPI/c7q25ies5kg9@okhdfc/P2M/8p2t8hvc@ptbyl/Airtel
15/08/2021,,1060.41,DR,2597.68,UPI/tkwfrgmr8pqd@ybl/P2M/ruosvcot@oksbi/Amazon
15/08/2021,929799,1033.95,DR,1563.73,UPI/de1g8cpvdatq@paytm/P2M/b8f7twl8@ptbsi/AxisBank
15/08/2021,526023,634.77,DR,928.96,UPI/9y56v7r9g2dj@okhdfc/P2M/5uzjxf2e@paytm/Chala
15/08/2021,879307,845.37,DR,83.59,UPI/c8ieeok68s47@okaxis/P2M/5pkqrj5r@oksbi/Edara
15/08/2021,637201,41.94,DR,41.65,UPI/fajsbbxe4hza@okaxis/P2M/n6r5o4ba@ptbyl/AxisBank
14/08/2021,,2048.6,CR,2090.25,UPI/c7sn47i92bb8@axl
14/08/2021,,178.29,DR,1911.96,UPI/6ncrtqdztsug@okaxis/P2M/k52mlfs9@ptbyl/Airtel
14/08/2021,,247.67,DR,1664.29,UPI/hgd2i73oubth@okaxis/P2M/y36nnna3@oksbi/Airtel
14/08/2021,249833,1034.36,DR,629.93,UPI/9oktm1g957vh@okhdfc/P2M/ih6qag75@ptbsi/VENNA
14/08/2021,,521.78,DR,108.15,UPI/4c191i6jz8qv@ybl/P2M/xyc5gs2l@paytm/Paytm
13/08/2021,,71.9,DR,36.25,UPI/czm6ydq5er5s@paytm/P2M/wkopxhln@paytm/AxisBank
13/08/2021,924598,4482.95,CR,4519.2,UPI/d0sn2vhkf2nv@oksbi
13/08/2021,310881,315.01,DR,4204.19,UPI/nwgwhg5h82fl@paytm/P2M/j2n0ddr5@paytm/Flipkart
13/08/2021,,1101.39,DR,3102.8,UPI/0mduyovl1azl@okaxis/P2M/23leolwm@ptbyl/AxisBank
13/08/2021,500974,441.66,DR,2661.14,UPI/smm71xuj4lrp@axl/P2M/xkxtk61f@paytm/VENNA
13/08/2021,744594,939.58,DR,1721.56,UPI/le9msvm6vfe5@axl/P2M/n47uqw3z@ptbyl/Edara
13/08/2021,806097,662.4,DR,1059.16,UPI/vaw4mpwv5e7j@okhdfc/P2M/sza6aics@paytm/Flipkart
13/08/2021,,222.89,DR,836.27,UPI/mx6m2heqqung@ybl/P2M/9l806vue@ptbsi/AxisBank
12/08/2021,,1613.7,CR,2449.97,UPI/peamfe1y8k7d@ybl
12/08/2021,,2000.81,CR,4450.78,UPI/5wtz0xobefsh@axl
12/08/2021,,636.59,DR,3814.19,UPI/r59i04519a14@paytm/P2M/3s86jzwh@ptbyl/Amazon
12/08/2021,102617,1605.8,CR,5419.99,UPI/t1ycfyt4ver8@ybl
12/08/2021,,3048.11,CR,8468.1,UPI/tpfzuewt72l6@okaxis
12/08/2021,254618,274.5,DR,8193.6,UPI/8d33zh09ylhb@okhdfc/P2M/le34e0yu@ptbyl/Flipkart
12/08/2021,858200,926.91,CR,9120.51,UPI/09b8vcfvwk96@paytm
12/08/2021,751939,1145.07,DR,7975.44,UPI/opdfsfbl6btw@axl/P2M/gs4e6wy7@oksbi/BigBazaar
12/08/2021,141052,334.77,DR,7640.67,UPI/zstx8134kn1t@oksbi/P2M/m8in8ke8@ptbsi/BigBazaar
12/08/2021,,902.31,DR,6738.36,UPI/wl877xepftc6@okhdfc/P2M/0oqqbg0o@ptbyl/Amazon
12/08/2021,,3304.7,CR,10043.06,UPI/dqc5eislm46p@ybl
12/08/2021,111270,2674.96,CR,12718.02,UPI/ltrq8g9ozm8h@ybl
11/08/2021,585611,233.8,DR,12484.22,UPI/zzmuqdsisyb3@oksbi/P2M/x6qiee3o@oksbi/Airtel
11/08/2021,,219.74,DR,12264.48,UPI/51fwfs8cdvam@okhdfc/P2M/jqemi3dt@ptbsi/AxisBank
11/08/2021,150737,966.05,CR,13230.53,UPI/nu8ridcqowkb@axl
11/08/2021,,511.97,DR,12718.56,UPI/89oi3en6a4ve@paytm/P2M/qjylkmjh@oksbi/Chala
11/08/2021,,1402.6,DR,11315.96,UPI/ws3q5m5wa2lm@oksbi/P2M/otg1071q@oksbi/Chala
11/08/2021,,1457.5,DR,9858.46,UPI/mu0mzbhedwvx@okaxis/P2M/p4bn2rvp@oksbi/Edara
11/08/2021,,307.1,DR,9551.36,UPI/eebr1mko9vrz@ybl/P2M/nsf90ew8@oksbi/Edara
11/08/2021,,541.39,DR,9009.97,UPI/1ioov682e5x2@oksbi/P2M/lc3jmh8b@ptbsi/Chala
11/08/2021,963782,483.97,DR,8526.0,UPI/hc8iuav3sufn@oksbi/P2M/jwnb3h0z@ptbsi/Flipkart
11/08/2021,,1040.33,DR,7485.67,UPI/c5ynzi53r2x8@ybl/P2M/qqqqtpnf@paytm/Airtel
11/08/2021,823126,996.11,DR,6489.56,UPI/4r0pjh89ia50@paytm/P2M/yp0v8cx0@paytm/Airtel
11/08/2021,,394.26,DR,6095.3,UPI/5kg2p60yw1e1@ybl/P2M/do8zf7g5@oksbi/Chala
10/08/2021,,871.02,DR,5224.28,UPI/x0ufunze75sf@paytm/P2M/jrdkh956@ptbyl/Paytm
10/08/2021,,512.65,DR,4711.63,UPI/erv0zcy26vkk@axl/P2M/qkk3md9f@ptbsi/Airtel
10/08/2021,,899.71,DR,3811.92,UPI/q93mxzix4pqb@oksbi/P2M/uixrfv16@ptbsi/Chala
10/08/2021,434912,1471.82,DR,2340.1,UPI/uk1qp8k5q4a1@axl/P2M/478un04u@oksbi/Flipkart
10/08/2021,,634.75,DR,1705.35,UPI/3a46fxwvsna3@okhdfc/P2M/owc75t4a@paytm/Chala
10/08/2021,,685.95,DR,1019.4,UPI/fl90uj4arjaf@paytm/P2M/5hb8aafw@ptbsi/Airtel
10/08/2021,,769.57,DR,249.83,UPI/z912e2f244fh@okhdfc/P2M/p42fx74y@oksbi/BigBazaar
10/08/2021,695806,586.64,CR,836.47,UPI/xcz2mk8b9s6t@oksbi
10/08/2021,,369.42,DR,467.05,UPI/galbu5a4s29w@oksbi/P2M/hvb9v6cv@oksbi/Edara
10/08/2021,257204,3561.61,CR,4028.66,UPI/fzncbyzq8wct@axl
10/08/2021,,1103.43,DR,2925.23,UPI/k872yhmfwvrk@oksbi/P2M/sy3stiy9@oksbi/Paytm
09/08/2021,,788.2,DR,2137.03,UPI/u470kx157601@okaxis/P2M/3nzssc33@paytm/AxisBank
09/08/2021,,824.18,DR,1312.85,UPI/kmbkiwgqfft0@paytm/P2M/pyyb3fux@oksbi/AxisBank
09/08/2021,,260.15,DR,1052.7,UPI/kywvpdgir98l@axl/P2M/frnayati@paytm/Chala
09/08/2021,592602,393.14,DR,659.56,UPI/e91jrsr4n5hg@okaxis/P2M/ekg139ah@ptbyl/Airtel
09/08/2021,,4026.04,CR,4685.6,UPI/q40238vguf2s@okhdfc
09/08/2021,,950.26,DR,3735.34,UPI/eb7lcyg2ike5@oksbi/P2M/ggyjd3oj@ptbsi/Chala
09/08/2021,704950,1107.44,DR,2627.9,UPI/6b2ohyb1psoi@oksbi/P2M/r2h8ayy4@ptbyl/Edara
09/08/2021,,3517.25,CR,6145.15,UPI/1hs7zs0iqp6c@oksbi
09/08/2021,,1167.18,DR,4977.97,UPI/2b07m7dc64d5@paytm/P2M/7dy4kxfw@oksbi/Amazon
09/08/2021,,792.54,DR,4185.43,UPI/o79zyujqsg3u@axl/P2M/azd7k0gp@ptbsi/VENNA
09/08/2021,,459.59,DR,3725.84,UPI/nwfa8d51768q@ybl/P2M/luewxkf4@paytm/VENNA
09/08/2021,547209,1210.92,DR,2514.92,UPI/izmkudvwji1m@oksbi/P2M/yzuo6low@ptbyl/AxisBank
08/08/2021,,547.17,DR,1967.75,UPI/vix7t9r9teee@okhdfc/P2M/wp77hlhr@oksbi/VENNA
08/08/2021,,1285.41,DR,682.34,UPI/4xmu3e57z8at@ybl/P2M/o6eqp8nf@paytm/Edara
08/08/2021,,496.69,DR,185.65,UPI/6glogq53e7qg@oksbi/P2M/sc5o1krm@paytm/BigBazaar
08/08/2021,851680,3711.25,CR,3896.9,UPI/rw4k286z22rs@ybl
08/08/2021,,776.97,DR,3119.93,UPI/biv95eveyec2@okhdfc/P2M/1y76uwqv@paytm/Edara
08/08/2021,923247,572.72,DR,2547.21,UPI/ytauf52eyqyf@axl/P2M/234v50fr@paytm/AxisBank
08/08/2021,,1166.8,DR,1380.41,UPI/spcjdgdocb79@paytm/P2M/rlr8abkz@ptbyl/Flipkart
08/08/2021,639035,793.98,DR,586.43,UPI/j7jc1lmn5xrc@okhdfc/P2M/efmjkc8e@paytm/Amazon
07/08/2021,769859,260.54,CR,846.97,UPI/lt798sawcjn5@ybl
07/08/2021,282896,3063.12,CR,3910.09,UPI/6meq68j71u09@oksbi
07/08/2021,369532,1130.82,DR,2779.27,UPI/g1r5z7ty9eu7@okhdfc/P2M/yqg55k5v@ptbyl/Flipkart
07/08/2021,,767.32,DR,2011.95,UPI/br0t2rhl8kr8@axl/P2M/b7czz9ur@ptbyl/Flipkart
07/08/2021,,445.16,DR,1566.79,UPI/n85ehj9ma9je@oksbi/P2M/vnb4nnoc@ptbsi/Flipkart
07/08/2021,467886,3744.39,CR,5311.18,UPI/qvcs24sa927z@ybl
07/08/2021,,163.51,DR,5147.67,UPI/5ysa18s5zude@ybl/P2M/hdnsf2z2@ptbsi/Edara
07/08/2021,515574,3137.94,CR,8285.61,UPI/ul3oxo24z4u8@okhdfc
07/08/2021,,580.04,DR,7705.57,UPI/j5iawlo7k6iz@okaxis/P2M/y7wmffhy@oksbi/AxisBank
07/08/2021,471073,1486.19,DR,6219.38,UPI/h9lu7gj31d6r@oksbi/P2M/ys3sk78g@paytm/Paytm
07/08/2021,,22.17,DR,6197.21,UPI/kdxc3mu40cgy@paytm/P2M/q9zb16wy@oksbi/VENNA
07/08/2021,596912,707.51,DR,5489.7,UPI/kf8u57j21zhe@axl/P2M/ziudoico@oksbi/BigBazaar
06/08/2021,,38.44,DR,5451.26,UPI/92s7f0wr14h0@okhdfc/P2M/3bkbu5oc@ptbyl/Airtel
06/08/2021,873369,1312.76,DR,4138.5,UPI/yo17yw3xx340@okaxis/P2M/vognwnxy@oksbi/Amazon
06/08/2021,374920,4805.73,CR,8944.23,UPI/qr1c2dd5ygex@okaxis
06/08/2021,,1468.65,DR,7475.58,UPI/ncag8409uvxi@okhdfc/P2M/qmxhsc8f@oksbi/Edara
06/08/2021,781909,574.36,DR,6901.22,UPI/zt6bn137h6kj@ybl/P2M/qvuuk65q@paytm/Amazon
06/08/2021,,879.82,DR,6021.4,UPI/mxybhh2oiszk@ybl/P2M/ku9gc8yg@ptbsi/Edara
06/08/2021,252179,802.48,CR,6823.88,UPI/50b4mlv4oxg4@axl
06/08/2021,,1289.19,DR,5534.69,UPI/y9i1ew887aa5@axl/P2M/l6jl63gc@ptbyl/Airtel
06/08/2021,342643,1167.19,DR,4367.5,UPI/n3l46i8qfc8w@axl/P2M/rd7cogxp@ptbsi/Edara
06/08/2021,,2960.27,CR,7327.77,UPI/xdavjvqhp8ww@axl
06/08/2021,,734.22,DR,6593.55,UPI/tl5j0zv68h2d@axl/P2M/dbvs4d6u@ptbsi/VENNA
06/08/2021,480643,636.76,CR,7230.31,UPI/40p0knbll14l@okhdfc
05/08/2021,,35.12,DR,7195.19,UPI/t4andb4smvdl@okhdfc/P2M/8110syrv@paytm/Flipkart
05/08/2021,,1034.27,DR,6160.92,UPI/bxns12fsqmal@paytm/P2M/nt4xo198@paytm/Amazon
05/08/2021,,712.91,CR,6873.83,UPI/15l8ta4cxue4@paytm
05/08/2021,,1418.06,DR,5455.77,UPI/4hn0zsks0cts@oksbi/P2M/wgr7qezj@ptbsi/Edara
05/08/2021,,287.61,DR,5168.16,UPI/rxqcl1khsvlg@paytm/P2M/gyia7eh7@ptbsi/Airtel
05/08/2021,807311,513.5,DR,4654.66,UPI/a71fhuxwimyb@paytm/P2M/3topepa7@ptbyl/AxisBank
05/08/2021,,230.91,DR,4423.75,UPI/jyt73821wykh@ybl/P2M/s1sxeqcu@paytm/Airtel
05/08/2021,,1198.16,DR,3225.59,UPI/kcovjgthhoh9@oksbi/P2M/xqzilqev@ptbyl/VENNA
05/08/2021,270354,628.24,CR,3853.83,UPI/17t52zmdvhyv@axl
05/08/2021,675773,1038.82,DR,2815.01,UPI/ytnwbo8ywau7@oksbi/P2M/ko8xhu3y@ptbsi/Airtel
05/08/2021,,1406.14,DR,1408.87,UPI/ztr2klclrgo1@oksbi/P2M/2lzute7y@ptbyl/Edara
05/08/2021,556854,1265.11,DR,143.76,UPI/ovq8dwp6t645@ybl/P2M/g8qizfyu@paytm/VENNA
04/08/2021,194408,2051.21,CR,2194.97,UPI/bpfakx28tckw@ybl
04/08/2021,721907,169.47,DR,2025.5,UPI/oatjac218scz@axl/P2M/oeni3nta@oksbi/AxisBank
04/08/2021,468448,682.76,DR,1342.74,UPI/s50urtp1ck3e@ybl/P2M/ac1anfmo@paytm/Edara
04/08/2021,,373.78,DR,968.96,UPI/bna44mg5uxve@paytm/P2M/g103o4ay@oksbi/AxisBank
04/08/2021,,4968.94,CR,5937.9,UPI/oref4djb0zsf@paytm
03/08/2021,117047,1042.02,CR,6979.92,UPI/7gkw7tghwgtr@okaxis
03/08/2021,,1098.03,DR,5881.89,UPI/ipi6ptgdsjgm@ybl/P2M/im9sqs4k@ptbyl/Chala
03/08/2021,,1401.52,DR,4480.37,UPI/vg8rotzk7zji@oksbi/P2M/bui009rn@ptbyl/Paytm
03/08/2021,,1212.24,DR,3268.13,UPI/iobugi2pyxvw@paytm/P2M/vdkp0onx@paytm/BigBazaar
03/08/2021,,1100.02,DR,2168.11,UPI/i6dn1lhmhw7m@okaxis/P2M/tqtgjsu2@oksbi/Airtel
03/08/2021,590963,1037.63,DR,1130.48,UPI/r8esz1pk37ci@paytm/P2M/u61vwi4f@ptbyl/AxisBank
03/08/2021,,430.92,DR,699.56,UPI/jf6qlfobb3ac@okaxis/P2M/hwhytwjo@oksbi/Paytm
03/08/2021,,3276.97,CR,3976.53,UPI/ei8vpunwekwp@ybl
03/08/2021,,1077.95,DR,2898.58,UPI/hgvwspvq7ekz@paytm/P2M/i6pap5ab@paytm/VENNA
03/08/2021,,1494.13,CR,4392.71,UPI/ovudovdbsebw@axl
03/08/2021,487777,318.53,DR,4074.18,UPI/wzx4v0nm9aob@okaxis/P2M/2b47hf5c@oksbi/Paytm
03/08/2021,,1445.86,DR,2628.32,UPI/ge6mmkur46rd@ybl/P2M/7dlbxe8z@oksbi/VENNA
02/08/2021,,762.02,DR,1866.3,UPI/84x0be35na8r@ybl/P2M/a9gvdb5d@oksbi/AxisBank
02/08/2021,,165.55,DR,1700.75,UPI/45yjsp3h23az@ybl/P2M/bvaxcfbj@paytm/Airtel
02/08/2021,,1101.49,DR,599.26,UPI/8diflhspeejq@okaxis/P2M/oqrdh058@oksbi/Flipkart
02/08/2021,,472.73,DR,126.53,UPI/s6tj8fy5w7g3@oksbi/P2M/pbn35t00@paytm/VENNA
02/08/2021,,2658.8,CR,2785.33,UPI/ncpgdz9r9k5b@paytm
02/08/2021,,445.98,DR,2339.35,UPI/s6khw2wa7jy6@paytm/P2M/rnya8771@oksbi/AxisBank
02/08/2021,,1396.05,DR,943.3,UPI/g6uf7egvjuc2@oksbi/P2M/91jw1kht@ptbyl/Airtel
01/08/2021,,450.59,DR,492.71,UPI/ifhc6kyvi6sl@okhdfc/P2M/ta3hqm3v@oksbi/Chala
01/08/2021,,2102.99,CR,2595.7,UPI/yfluxhx66czz@axl
01/08/2021,,708.66,DR,1887.04,UPI/nbjaoadux0ke@paytm/P2M/d8yglhyh@oksbi/Paytm
01/08/2021,,760.91,DR,1126.13,UPI/bfvrapfho9qi@oksbi/P2M/yllmlu8m@ptbsi/Chala
01/08/2021,,135.28,DR,990.85,UPI/3h1poxsqjkmw@axl/P2M/vy3h8pd7@ptbyl/VENNA
01/08/2021,,630.36,DR,360.49,UPI/fw0j32nvtlth@oksbi/P2M/qomtlio5@ptbsi/VENNA
01/08/2021,539463,278.75,DR,81.74,UPI/t1g687hw2j2m@axl/P2M/em3lipjr@paytm/Paytm
