Date,Instrument ID,Amount,Type,Balance,Remarks
31/12/2024,768296,1620.58,CR,2482.93,UPI/739vfbaoto82@okaxis
31/12/2024,,1041.53,DR,1441.4,UPI/fs0p1pdglg4c@okaxis/P2M/l0w0hha4@oksbi/Edara
31/12/2024,,775.01,DR,666.39,UPI/5flwwh1m6w5m@paytm/P2M/26700zi6@oksbi/Flipkart
31/12/2024,,3285.22,CR,3951.61,UPI/93lycn2ka8nd@okaxis
31/12/2024,,3627.52,CR,7579.13,UPI/zph14n0hgo2t@oksbi
31/12/2024,,1255.7,DR,6323.43,UPI/akua40t08ztl@okaxis/P2M/68u0e39w@paytm/Airtel
31/12/2024,,1332.02,DR,4991.41,UPI/gan0qeo0u5d9@okaxis/P2M/6hcyd5hf@paytm/Paytm
31/12/2024,,936.0,DR,4055.41,UPI/hlns7foo11qn@axl/P2M/e7kcxzqm@ptbsi/Edara
30/12/2024,333183,245.52,DR,3809.89,UPI/29i1cknp1dq9@ybl/P2M/n022w2kp@paytm/VENNA
30/12/2024,,837.57,DR,2972.32,UPI/2fx4h8h15rbg@okhdfc/P2M/bfua9jme@paytm/AxisBank
30/12/2024,,1423.55,DR,1548.77,UPI/0oxp0nsg2bb3@okaxis/P2M/0u457zat@ptbsi/Amazon
30/12/2024,517757,914.59,DR,634.18,UPI/235z8jdaodye@okhdfc/P2M/jaks5v41@ptbsi/VENNA
30/12/2024,514924,95.87,DR,538.31,UPI/0roo4pb76me0@axl/P2M/9238htxq@oksbi/Amazon
30/12/2024,,526.02,DR,12.29,UPI/hs77t6mcg24r@okaxis/P2M/wjdgjmao@ptbyl/VENNA
29/12/2024,,3652.14,CR,3664.43,UPI/hag120sah22s@axl
29/12/2024,,1189.26,DR,2475.17,UPI/nc0txpwdjr3b@okhdfc/P2M/eqkmis6v@ptbyl/Paytm
29/12/2024,540328,1446.57,DR,1028.6,UPI/z8491180679l@paytm/P2M/4ehu547m@paytm/Edara
29/12/2024,,525.83,DR,502.77,UPI/iqszjjkq2dxh@paytm/P2M/3d9mr53j@ptbyl/Paytm
29/12/2024,,439.51,DR,63.26,UPI/ro35vc2vlrw5@ybl/P2M/xoviognx@oksbi/VENNA
28/12/2024,,1660.35,CR,1723.61,UPI/grzg1t0opcvn@ybl
28/12/2024,,1152.01,DR,571.6,UPI/e9g166yx58vp@ybl/P2M/nhojbiw5@paytm/Paytm
27/12/2024,142611,274.84,DR,296.76,UPI/aqgy7r0rwhj6@okhdfc/P2M/wu2706ys@paytm/Edara
27/12/2024,,118.53,DR,178.23,UPI/g92mb9eett9n@okaxis/P2M/a4y1j111@ptbyl/BigBazaar
26/12/2024,,128.94,DR,49.29,UPI/us5d1lnd06u2@paytm/P2M/eouy535n@ptbsi/Airtel
26/12/2024,,1315.23,CR,1364.52,UPI/f67e7ebtoh1q@paytm
26/12/2024,,341.22,DR,1023.3,UPI/y4lgxbpg77e4@oksbi/P2M/frncjgaq@ptbyl/Chala
26/12/2024,728737,222.25,DR,801.05,UPI/t3haccqudji5@okhdfc/P2M/wrx3rdbi@oksbi/Chala
26/12/2024,,102.1,DR,698.95,UPI/bv3lb52vekhx@paytm/P2M/nqqnkjeu@ptbsi/Flipkart
26/12/2024,233946,4259.44,CR,4958.39,UPI/lx9uviqc6gxa@okhdfc
26/12/2024,,112.69,CR,5071.08,UPI/jbz8krsi4jx0@okaxis
26/12/2024,,1341.32,DR,3729.76,UPI/7tsoi6ynyuki@ybl/P2M/3qbrwpbd@oksbi/Paytm
25/12/2024,,607.22,DR,3122.54,UPI/t2uuhfvkq0bz@okhdfc/P2M/6ym612gj@ptbsi/Paytm
25/12/2024,732269,926.79,DR,2195.75,UPI/62l64szsb5rx@ybl/P2M/2vppm5gg@ptbsi/Flipkart
25/12/2024,,1065.84,DR,1129.91,UPI/ys1st2gu1vni@paytm/P2M/co99u70y@oksbi/AxisBank
25/12/2024,,1506.76,CR,2636.67,UPI/sbx5euhfjwj3@oksbi
25/12/2024,701797,942.2,DR,1694.47,UPI/jy9ykkdiafsl@axl/P2M/v47orhow@ptbsi/Edara
25/12/2024,,562.57,DR,1131.9,UPI/yz1yomj33y2a@axl/P2M/q4iv16nl@ptbyl/VENNA
25/12/2024,,615.32,DR,516.58,UPI/nw9oe67q3mp9@axl/P2M/g4xyvuvh@oksbi/AxisBank
25/12/2024,,424.72,DR,91.86,UPI/35e4fbn44myy@paytm/P2M/5dutjem0@ptbyl/Airtel
24/12/2024,,4526.8,CR,4618.66,UPI/sq6wap3tae7z@paytm
24/12/2024,399455,594.54,DR,4024.12,UPI/qcte40bx37ii@oksbi/P2M/4ja7md9a@ptbyl/Chala
24/12/2024,,489.46,DR,3534.66,UPI/hgymwkcy56ax@axl/P2M/ypxfbnpl@ptbyl/Flipkart
23/12/2024,752736,703.56,DR,2831.1,UPI/wwn88rsehpqd@ybl/P2M/knzolhkg@ptbyl/Amazon
23/12/2024,,371.46,DR,2459.64,UPI/v6icdp8yrqis@okhdfc/P2M/w88uny65@paytm/BigBazaar
23/12/2024,830612,103.23,DR,2356.41,UPI/lgke5q576quk@oksbi/P2M/x828nngm@ptbsi/Flipkart
23/12/2024,224221,151.19,DR,2205.22,UPI/c2a2rqxmwmr6@ybl/P2M/ui60h47x@oksbi/BigBazaar
23/12/2024,,865.56,DR,1339.66,UPI/iq49mtbnezdu@oksbi/P2M/2dxtpb3s@oksbi/Chala
23/12/2024,799340,822.91,DR,516.75,UPI/zechgcwmb9rl@paytm/P2M/fy50wefm@paytm/VENNA
23/12/2024,,469.77,DR,46.98,UPI/83sezl93ng4u@paytm/P2M/pdd4zfne@ptbyl/Chala
22/12/2024,,10.35,DR,36.63,UPI/77nu1herpq8b@axl/P2M/z7aeqqwf@ptbsi/Amazon
22/12/2024,,2930.54,CR,2967.17,UPI/ab4qg4cepu1m@oksbi
22/12/2024,531032,581.78,DR,2385.39,UPI/px6jmb6iphx4@axl/P2M/oawq73y8@ptbyl/Amazon
22/12/2024,,1030.54,DR,1354.85,UPI/at4tljigzo9w@ybl/P2M/5380cz52@paytm/Airtel
22/12/2024,,180.37,DR,1174.48,UPI/oduh58mxrxn8@okaxis/P2M/92xf641f@oksbi/AxisBank
22/12/2024,191569,608.45,DR,566.03,UPI/oenm68v9yoh2@paytm/P2M/ox62fff8@paytm/Flipkart
22/12/2024,105497,411.85,DR,154.18,UPI/ns7ksekr70ha@paytm/P2M/9i6d04gs@oksbi/Edara
22/12/2024,,1505.02,CR,1659.2,UPI/jsppichnijk8@okaxis
22/12/2024,928508,455.44,DR,1203.76,UPI/gunlrls7cyaf@okaxis/P2M/m5ah0qyl@oksbi/Paytm
22/12/2024,,710.52,DR,493.24,UPI/qq48v9hnmh1i@oksbi/P2M/wn6u16c7@ptbsi/Edara
21/12/2024,,471.53,DR,21.71,UPI/x06uc4mal1du@okaxis/P2M/vi11uaws@ptbyl/AxisBank
21/12/2024,337517,3092.84,CR,3114.55,UPI/ks86fmfcbkuf@okaxis
21/12/2024,,1022.22,DR,2092.33,UPI/ys50m0m93t43@paytm/P2M/a6unt1dr@oksbi/Flipkart
21/12/2024,750786,947.57,DR,1144.76,UPI/u3kfgqrd5afc@okhdfc/P2M/6ixrz7be@oksbi/Paytm
21/12/2024,,1464.52,CR,2609.28,UPI/g4yfx4qxuoxk@oksbi
21/12/2024,,133.66,DR,2475.62,UPI/gfums0ebncva@okhdfc/P2M/mubg7703@ptbsi/AxisBank
21/12/2024,911369,4852.83,CR,7328.45,UPI/75ix60upaqru@okaxis
20/12/2024,,1065.88,DR,6262.57,UPI/58rseira54as@ybl/P2M/76vcsh8g@ptbyl/AxisBank
20/12/2024,669508,552.11,DR,5710.46,UPI/na6uwb71ff95@axl/P2M/dk0gtfpc@oksbi/Flipkart
20/12/2024,,1027.56,DR,4682.9,UPI/ecld7q03upyc@okaxis/P2M/fu45xxdt@oksbi/Airtel
20/12/2024,261832,214.01,CR,4896.91,UPI/5jeqeqp19abw@paytm
20/12/2024,,161.56,DR,4735.35,UPI/02qz0rkhq52t@paytm/P2M/nbepdojq@ptbyl/Flipkart
20/12/2024,,311.83,DR,4423.52,UPI/tjpn7tu7o9k5@okaxis/P2M/vb1ny1mr@paytm/Paytm
20/12/2024,,425.75,DR,3997.77,UPI/nr62qypb85gs@paytm/P2M/1mn3rguq@oksbi/Edara
20/12/2024,248029,1374.18,DR,2623.59,UPI/qjpircqix87y@okaxis/P2M/i55aeupu@oksbi/AxisBank
20/12/2024,,81.09,DR,2542.5,UPI/ifq8d86zg1in@oksbi/P2M/x8dhtsut@paytm/Airtel
20/12/2024,,649.85,DR,1892.65,UPI/1tuef7cun7co@okhdfc/P2M/a9a6zich@paytm/Paytm
20/12/2024,886277,1173.05,DR,719.6,UPI/bl5jqkxbb37w@axl/P2M/4ic1ila2@paytm/Amazon
20/12/2024,,496.12,DR,223.48,UPI/1x57fto9dc4p@oksbi/P2M/l07aex6p@oksbi/Amazon
19/12/2024,813536,54.59,DR,168.89,UPI/95g1n7zk8zez@oksbi/P2M/4uc5kg25@paytm/Paytm
19/12/2024,,125.14,DR,43.75,UPI/ldoy6gh62l0d@oksbi/P2M/68hflby8@ptbyl/Amazon
18/12/2024,,1675.78,CR,1719.53,UPI/z01yvb7tdsnp@axl
18/12/2024,321311,3667.15,CR,5386.68,UPI/cxf4wbfprutk@axl
18/12/2024,,268.25,DR,5118.43,UPI/bk4gaeqj466y@axl/P2M/kr9j520m@paytm/Paytm
18/12/2024,,3136.07,CR,8254.5,UPI/romvvh9nz537@paytm
18/12/2024,250050,1059.59,DR,7194.91,UPI/y0nmy1g9t9az@oksbi/P2M/lbdsx5uk@oksbi/AxisBank
18/12/2024,,895.56,DR,6299.35,UPI/tc39uleclef6@okaxis/P2M/zkifduju@ptbsi/Chala
18/12/2024,,596.42,DR,5702.93,UPI/b54ju4a2rs0f@oksbi/P2M/iv1rcn4h@ptbyl/BigBazaar
18/12/2024,370655,774.77,DR,4928.16,UPI/h8xa9g3mvlsf@okaxis/P2M/048a7moh@oksbi/Paytm
18/12/2024,701540,701.88,DR,4226.28,UPI/4ba39oa2ux51@okaxis/P2M/kknc3kf5@paytm/Amazon
17/12/2024,,1463.61,DR,2762.67,UPI/4erojmhym6ku@ybl/P2M/8jnk61tj@oksbi/Edara
17/12/2024,166041,1373.24,DR,1389.43,UPI/9o38o0okowr3@okhdfc/P2M/o1wipi1s@ptbyl/Edara
17/12/2024,,284.58,DR,1104.85,UPI/sr5befnnn9f5@oksbi/P2M/2htjz1d6@paytm/Edara
17/12/2024,,777.12,DR,327.73,UPI/2d5cjs5koqj0@axl/P2M/1goms4ta@paytm/Amazon
17/12/2024,365349,56.62,DR,271.11,UPI/v6yc6i745pt9@okhdfc/P2M/ww2vxqxr@paytm/VENNA
17/12/2024,,3429.69,CR,3700.8,UPI/hs9badqjny0k@oksbi
17/12/2024,,926.25,DR,2774.55,UPI/g1a77f5utio5@ybl/P2M/i8pwj06j@ptbsi/Chala
17/12/2024,602775,370.09,DR,2404.46,UPI/2is7ul41xg51@ybl/P2M/ix37s572@ptbsi/Chala
17/12/2024,,226.8,DR,2177.66,UPI/m3y0pmxnx6qu@okhdfc/P2M/ck69snji@oksbi/Edara
17/12/2024,,1111.34,DR,1066.32,UPI/8032jbws550f@okhdfc/P2M/u38drnss@oksbi/AxisBank
17/12/2024,,4558.26,CR,5624.58,UPI/ahe19t5yedzv@okaxis
16/12/2024,,472.73,DR,5151.85,UPI/4j9ax12prex1@axl/P2M/vdbsde8q@oksbi/Amazon
16/12/2024,,703.07,DR,4448.78,UPI/y4h7xdxqzrmm@ybl/P2M/6e3h6cl9@paytm/Edara
16/12/2024,263019,861.8,DR,3586.98,UPI/5clboorsl1uh@axl/P2M/8t82gtkp@ptbyl/AxisBank
16/12/2024,,141.06,DR,3445.92,UPI/m6u9stjugys2@oksbi/P2M/jdzo73a0@paytm/Paytm
16/12/2024,274589,201.74,DR,3244.18,UPI/b1384zuqbxop@ybl/P2M/z7w6jf60@ptbyl/Airtel
16/12/2024,,1628.85,CR,4873.03,UPI/u3s6vxcmac6c@axl
16/12/2024,,949.29,DR,3923.74,UPI/3az2nsgx9s9d@okaxis/P2M/m97jx36e@paytm/AxisBank
16/12/2024,140836,10.64,DR,3913.1,UPI/y0gf1ojxyufq@okhdfc/P2M/es4fib7x@oksbi/Edara
16/12/2024,588502,589.3,DR,3323.8,UPI/efilm2ll7le1@axl/P2M/df6c14qg@paytm/Edara
16/12/2024,823122,372.57,DR,2951.23,UPI/886idiyefh9d@okhdfc/P2M/b72ps7y7@oksbi/Amazon
16/12/2024,669414,1083.14,DR,1868.09,UPI/2vrxrfu9xqgv@okaxis/P2M/wn9ebva9@ptbyl/Airtel
16/12/2024,,195.89,CR,2063.98,UPI/wzqy44idgp63@axl
15/12/2024,725744,429.69,DR,1634.29,UPI/t0wqhhdw03sy@okhdfc/P2M/68ca5g89@ptbyl/Airtel
15/12/2024,,168.61,DR,1465.68,UPI/ioiakm0sa5je@oksbi/P2M/v2fkiy6b@oksbi/Flipkart
15/12/2024,,427.31,DR,1038.37,UPI/b2a1ty7rssf0@ybl/P2M/q383jqrs@ptbyl/Flipkart
15/12/2024,871204,323.49,DR,714.88,UPI/e7wkfdnxa05o@okaxis/P2M/p5k4w0m3@ptbsi/Paytm
15/12/2024,,503.11,DR,211.77,UPI/fyidkrgi0x4r@axl/P2M/tasoyk23@oksbi/Flipkart
15/12/2024,577678,108.97,DR,102.8,UPI/2vsfnp786c3w@paytm/P2M/3xejowkv@paytm/Amazon
15/12/2024,255929,790.06,CR,892.86,UPI/l2dtkv8gsvpw@paytm
15/12/2024,,1846.09,CR,2738.95,UPI/ecx7p5symg14@paytm
15/12/2024,497295,1428.07,DR,1310.88,UPI/etk2xzqpb0w3@axl/P2M/7f61s1l1@paytm/Chala
14/12/2024,,581.43,DR,729.45,UPI/u15h4sobflco@okaxis/P2M/l3f0iymx@ptbsi/Airtel
14/12/2024,,1381.54,CR,2110.99,UPI/91u7zuv7a6sp@axl
14/12/2024,422436,1197.67,DR,913.32,UPI/tmamt0uspi9m@okhdfc/P2M/flsd85tx@ptbsi/BigBazaar
14/12/2024,,791.84,DR,121.48,UPI/pi72ffcxmzyt@okaxis/P2M/p6vkn6m3@ptbyl/Chala
14/12/2024,525762,22.96,DR,98.52,UPI/zu4malwe6ts7@okhdfc/P2M/q60dglso@paytm/AxisBank
13/12/2024,,3542.16,CR,3640.68,UPI/7honer5gti44@ybl
13/12/2024,,813.39,CR,4454.07,UPI/r9hm6wuvg12d@oksbi
13/12/2024,513023,124.21,DR,4329.86,UPI/qoczmhc4x1gi@okaxis/P2M/n96evifk@paytm/Airtel
13/12/2024,799129,317.71,DR,4012.15,UPI/a958h29wt497@ybl/P2M/2dcll3h4@ptbsi/AxisBank
13/12/2024,532751,521.67,DR,3490.48,UPI/jw0fnzcfh539@okaxis/P2M/0ojgoshx@ptbyl/Paytm
13/12/2024,,627.27,DR,2863.21,UPI/y7nyja1soc8r@okaxis/P2M/302atc8t@ptbyl/Airtel
13/12/2024,,1083.43,DR,1779.78,UPI/ixgltr9swmfa@okaxis/P2M/w1bjg0fr@paytm/BigBazaar
13/12/2024,,1319.81,DR,459.97,UPI/aw7xfj5sm6lw@okhdfc/P2M/luzaq026@ptbyl/AxisBank
12/12/2024,302151,2260.89,CR,2720.86,UPI/vlnkbtv6z8lj@ybl
12/12/2024,568568,1491.14,DR,1229.72,UPI/is2nbklwybu9@paytm/P2M/yxanrykg@ptbyl/VENNA
12/12/2024,,547.17,DR,682.55,UPI/23g61icasj3a@okhdfc/P2M/snayykw5@ptbyl/BigBazaar
12/12/2024,634875,255.2,DR,427.35,UPI/5t48wsol81al@oksbi/P2M/pvow8w62@ptbsi/Airtel
11/12/2024,841785,2013.41,CR,2440.76,UPI/m3dzlpoj7drv@okaxis
11/12/2024,,965.05,DR,1475.71,UPI/czhcef4givda@paytm/P2M/hw3risca@paytm/VENNA
11/12/2024,594557,3379.8,CR,4855.51,UPI/ap7p8c24m64m@paytm
11/12/2024,,303.11,DR,4552.4,UPI/k4cmpzgsmckj@paytm/P2M/wg8v7k3u@ptbyl/Paytm
11/12/2024,,281.41,DR,4270.99,UPI/4xi4lx2qh24i@axl/P2M/y0jqha9f@oksbi/AxisBank
11/12/2024,257994,160.73,DR,4110.26,UPI/vxtiwov66as1@okaxis/P2M/9hqwsfhd@ptbsi/Edara
11/12/2024,,407.19,DR,3703.07,UPI/k91ttqtxh8o5@paytm/P2M/i0qu4g44@oksbi/Paytm
11/12/2024,497723,1211.16,DR,2491.91,UPI/b8507ujk30l3@okhdfc/P2M/qg3tuvo1@oksbi/Chala
11/12/2024,181917,334.28,DR,2157.63,UPI/qw2ln45e5oz6@axl/P2M/g6brxxrt@ptbyl/AxisBank
11/12/2024,,858.34,DR,1299.29,UPI/b4thovewl7h3@axl/P2M/2ewru4o5@ptbyl/Amazon
10/12/2024,,445.66,DR,853.63,UPI/xc57hcsmsh9d@axl/P2M/adri89k8@ptbsi/BigBazaar
10/12/2024,877569,558.82,DR,294.81,UPI/y40rdv1sja9l@ybl/P2M/4vf5km2d@paytm/VENNA
10/12/2024,,1304.66,CR,1599.47,UPI/g8ed7l0tpx6y@okaxis
10/12/2024,650471,1043.61,DR,555.86,UPI/wd27j6wiie62@okaxis/P2M/2t03zlgb@paytm/Amazon
10/12/2024,,4210.89,CR,4766.75,UPI/9bpzpfj7qzuc@okhdfc
10/12/2024,,1130.28,DR,3636.47,UPI/lku406bf24et@paytm/P2M/7cwncb7m@ptbsi/Airtel
10/12/2024,,2840.11,CR,6476.58,UPI/cv5wq2402fbi@ybl
10/12/2024,,696.38,DR,5780.2,UPI/gs98macultlg@okhdfc/P2M/t22rg8tw@paytm/AxisBank
09/12/2024,,118.81,DR,5661.39,UPI/os7jyvfsac9y@oksbi/P2M/cfdpkm3k@oksbi/Airtel
09/12/2024,,940.2,DR,4721.19,UPI/6p8whevxbb9g@paytm/P2M/m9su9kwf@oksbi/Paytm
09/12/2024,,867.06,DR,3854.13,UPI/zewpztntfey6@ybl/P2M/u2swf9t2@ptbyl/Chala
09/12/2024,760784,1284.06,DR,2570.07,UPI/vcm6yvctgkjk@oksbi/P2M/03jh0447@ptbyl/AxisBank
09/12/2024,706762,426.84,DR,2143.23,UPI/hivx18vemefk@ybl/P2M/ci2q9p7c@ptbsi/Amazon
09/12/2024,935101,917.6,DR,1225.63,UPI/d41hzvrlkxsc@oksbi/P2M/gvfuvymx@paytm/AxisBank
09/12/2024,,477.33,DR,748.3,UPI/4rvikmtqr1qf@oksbi/P2M/jsqs6j3b@ptbsi/Airtel
09/12/2024,,484.01,DR,264.29,UPI/k5napvlvexey@ybl/P2M/roiyrg8c@ptbyl/Edara
09/12/2024,,346.42,CR,610.71,UPI/xljgaon9qajo@paytm
09/12/2024,,243.13,DR,367.58,UPI/745lqoeobozp@ybl/P2M/yb54dl35@ptbsi/VENNA
08/12/2024,,132.09,DR,235.49,UPI/y0hfaxs6kwgu@okaxis/P2M/fztjv09k@ptbsi/Flipkart
08/12/2024,,4838.98,CR,5074.47,UPI/1382629cl133@paytm
08/12/2024,880812,261.44,DR,4813.03,UPI/gwp3lladmv0d@ybl/P2M/8aneuwmk@ptbyl/VENNA
08/12/2024,552525,1198.87,CR,6011.9,UPI/36jdqpw316ze@axl
08/12/2024,,445.46,DR,5566.44,UPI/h4fdrm9ab2wg@okaxis/P2M/zgal5nde@ptbsi/AxisBank
08/12/2024,,2603.94,CR,8170.38,UPI/m13sr7fxnuim@paytm
08/12/2024,824742,259.3,CR,8429.68,UPI/79amxssvwfjq@paytm
08/12/2024,572717,481.53,DR,7948.15,UPI/m7yhc0d15rzh@okaxis/P2M/psw8saf5@ptbyl/Amazon
08/12/2024,665880,839.94,DR,7108.21,UPI/jfdjngwp07a1@okhdfc/P2M/3g0lhdsg@ptbyl/Paytm
08/12/2024,980136,1968.32,CR,9076.53,UPI/1rfbeebbsiqo@axl
07/12/2024,,766.31,DR,8310.22,UPI/w9jgea2l129a@oksbi/P2M/2hbtvtof@oksbi/Airtel
07/12/2024,,894.61,DR,7415.61,UPI/p2c7uxao7c9s@ybl/P2M/p3v76k4c@oksbi/Flipkart
07/12/2024,,1056.12,DR,6359.49,UPI/io4czauppet5@axl/P2M/52zvr8bh@paytm/Flipkart
07/12/2024,,1157.18,DR,5202.31,UPI/wvyvcjapsck5@okhdfc/P2M/2hcw74fb@oksbi/Edara
07/12/2024,,2257.82,CR,7460.13,UPI/gti5x1lyup9z@ybl
07/12/2024,225223,57.31,DR,7402.82,UPI/kc8106tvgtp6@ybl/P2M/zemgmqaq@ptbsi/AxisBank
07/12/2024,,403.53,DR,6999.29,UPI/43qc3unrcp7t@ybl/P2M/b37rh1wk@paytm/Paytm
07/12/2024,,749.85,CR,7749.14,UPI/rtkqqch3352v@okaxis
07/12/2024,,1052.67,DR,6696.47,UPI/kenwwolylsab@axl/P2M/93beqs92@paytm/Airtel
07/12/2024,,57.55,DR,6638.92,UPI/dbwelzwqsmve@okhdfc/P2M/4jmm8t0g@ptbyl/Amazon
07/12/2024,,1477.38,CR,8116.3,UPI/cxvucbbjhrrj@axl
07/12/2024,663632,510.23,DR,7606.07,UPI/ps931ai1p1ee@okhdfc/P2M/gm5bjm4e@oksbi/Amazon
06/12/2024,,1294.04,DR,6312.03,UPI/zg1k9rgxdkm9@oksbi/P2M/fubeehzi@paytm/Amazon
06/12/2024,141322,1392.83,DR,4919.2,UPI/mmzjqdm3udfd@ybl/P2M/dv1ebobe@ptbsi/Flipkart
06/12/2024,481579,1168.69,DR,3750.51,UPI/3aux4tbrw8ob@paytm/P2M/y8033jsh@ptbsi/Chala
06/12/2024,,2509.99,CR,6260.5,UPI/ewnqy0q4nhdz@paytm
06/12/2024,428843,866.29,DR,5394.21,UPI/l67z7mj7shly@ybl/P2M/yio8b1jq@oksbi/BigBazaar
06/12/2024,,1088.53,CR,6482.74,UPI/f3u8qztzpz3u@paytm
06/12/2024,,4667.24,CR,11149.98,UPI/edo8vu6vdykm@oksbi
06/12/2024,,905.72,DR,10244.26,UPI/cyhh01idoqdo@oksbi/P2M/mlyhfqs4@oksbi/BigBazaar
06/12/2024,,234.59,DR,10009.67,UPI/3853hhpx8gch@oksbi/P2M/o6ivbz0h@ptbyl/Paytm
06/12/2024,,1242.13,DR,8767.54,UPI/koqxfmr9l5mj@axl/P2M/rz88s9h5@ptbyl/Chala
06/12/2024,,241.14,DR,8526.4,UPI/pbdv9p3xqhi6@axl/P2M/bt65f5ay@oksbi/Flipkart
06/12/2024,,1286.27,DR,7240.13,UPI/vlfy8woteklw@okaxis/P2M/h2g6vkai@oksbi/VENNA
05/12/2024,,371.55,DR,6868.58,UPI/gsd44truwd0t@ybl/P2M/xyx2c915@paytm/VENNA
05/12/2024,643427,1340.07,DR,5528.51,UPI/tinyh1r1mowz@ybl/P2M/sb7ckbux@ptbyl/AxisBank
05/12/2024,631867,1044.5,DR,4484.01,UPI/rk2cudl02330@okhdfc/P2M/m5lz8zuq@ptbyl/Amazon
05/12/2024,,377.69,DR,4106.32,UPI/t53ahhcbj503@paytm/P2M/0ylm2fof@oksbi/Chala
05/12/2024,136743,742.04,DR,3364.28,UPI/m09sd9tm4pjc@okhdfc/P2M/rvvxyygo@ptbsi/AxisBank
05/12/2024,,18.37,DR,3345.91,UPI/ejgy50twzazc@ybl/P2M/jlchexc4@ptbsi/Edara
05/12/2024,,415.71,DR,2930.2,UPI/xd93aviu7spm@oksbi/P2M/x9trn7oj@ptbyl/Airtel
05/12/2024,932026,4011.21,CR,6941.41,UPI/a376qji4t8rm@paytm
05/12/2024,,1143.35,DR,5798.06,UPI/r9wf4r3oj55h@okaxis/P2M/v2an34do@ptbsi/VENNA
05/12/2024,596274,318.79,DR,5479.27,UPI/206xh1lsorc9@oksbi/P2M/n29ygrsi@oksbi/Amazon
05/12/2024,598262,1344.82,DR,4134.45,UPI/0y7602sbll9g@axl/P2M/p5bkk8ll@paytm/Flipkart
05/12/2024,,1239.11,CR,5373.56,UPI/6s9j0nlzyzt2@oksbi
04/12/2024,,271.84,DR,5101.72,UPI/rptn5gidbbce@oksbi/P2M/qs25m6v1@ptbyl/BigBazaar
04/12/2024,,1771.46,CR,6873.18,UPI/05qijjvt4b7t@axl
04/12/2024,,693.0,DR,6180.18,UPI/vhka27z8bvyh@axl/P2M/owkqe3rg@ptbsi/VENNA
04/12/2024,888092,939.92,DR,5240.26,UPI/wji37wgzne6d@oksbi/P2M/gi1ux2ha@paytm/Airtel
04/12/2024,281992,4302.69,CR,9542.95,UPI/bn2utyg4flp0@ybl
04/12/2024,,1472.57,DR,8070.38,UPI/q5gwfwqho4vh@paytm/P2M/gk0bw4i1@ptbyl/Amazon
04/12/2024,,1475.07,DR,6595.31,UPI/1od8jiizs6n0@paytm/P2M/ku3jrk83@ptbyl/Paytm
04/12/2024,379942,529.23,DR,6066.08,UPI/jxz6iu7q9t9u@paytm/P2M/2ntjecmg@ptbyl/Chala
04/12/2024,,939.77,DR,5126.31,UPI/vn81i3ns9xj8@ybl/P2M/088o8wmm@ptbyl/BigBazaar
04/12/2024,825080,3482.3,CR,8608.61,UPI/xp1l13q07cim@okhdfc
04/12/2024,,2514.76,CR,11123.37,UPI/yv2emz4ts6mp@oksbi
04/12/2024,361750,668.03,DR,10455.34,UPI/yutl8hifh9qr@paytm/P2M/grxa6ay8@paytm/Chala
03/12/2024,,482.91,DR,9972.43,UPI/gbrlwkwmzu51@okhdfc/P2M/on8m9ova@ptbsi/Airtel
03/12/2024,,150.55,DR,9821.88,UPI/eapaucr34s9b@ybl/P2M/o4dvvjk5@paytm/Airtel
03/12/2024,698718,839.04,DR,8982.84,UPI/oymj8wpayjeg@okaxis/P2M/2h6awbd0@oksbi/Amazon
03/12/2024,,368.62,DR,8614.22,UPI/fu39c9rg5w92@okhdfc/P2M/14d6wgof@ptbsi/VENNA
03/12/2024,,337.43,DR,8276.79,UPI/7b5be6k09vpb@okhdfc/P2M/llb3dk6t@ptbsi/Flipkart
03/12/2024,878187,2608.4,CR,10885.19,UPI/nk3ggrz6kc1n@ybl
03/12/2024,383043,1169.81,DR,9715.38,UPI/rjczbsk9yy6f@paytm/P2M/cn6p5i9c@oksbi/Paytm
03/12/2024,504379,4752.62,CR,14468.0,UPI/3cyjwfreba6p@oksbi
03/12/2024,160235,1413.51,DR,13054.49,UPI/l0kqnws9xya4@axl/P2M/9rxgwyuh@oksbi/Airtel
03/12/2024,,557.87,DR,12496.62,UPI/gw6ak1qryujk@oksbi/P2M/5l03mfmy@oksbi/Paytm
03/12/2024,,444.01,DR,12052.61,UPI/4ad9lbzxe3kd@paytm/P2M/7erlo3as@oksbi/Airtel
03/12/2024,,224.04,DR,11828.57,UPI/c0vaqk7ptmmx@okhdfc/P2M/uu813gbi@ptbyl/Chala
02/12/2024,938863,1291.76,DR,10536.81,UPI/gw4thp3vh4nr@oksbi/P2M/kflheq3j@paytm/Edara
02/12/2024,,335.57,DR,10201.24,UPI/avz75re183ha@oksbi/P2M/j0ozaxca@ptbsi/Amazon
02/12/2024,,592.99,DR,9608.25,UPI/9k4ms9bmbj6t@ybl/P2M/zqtropmx@oksbi/BigBazaar
02/12/2024,,71.29,DR,9536.96,UPI/mynv7errz8al@okaxis/P2M/nnu8z0s4@paytm/Chala
02/12/2024,728458,358.71,CR,9895.67,UPI/xsn71r56oz4k@axl
02/12/2024,,1232.11,DR,8663.56,UPI/9vn0lj6yn9en@paytm/P2M/if1why9s@paytm/BigBazaar
02/12/2024,,575.12,DR,8088.44,UPI/0xuxcparropl@okaxis/P2M/9wezp3lt@ptbyl/VENNA
02/12/2024,767372,94.31,DR,7994.13,UPI/azpxsnoo1yjn@axl/P2M/wox01446@ptbsi/Airtel
02/12/2024,484281,3404.46,CR,11398.59,UPI/dq4zr7rgcqa7@okaxis
02/12/2024,,481.92,DR,10916.67,UPI/cijx07g0sx2c@okhdfc/P2M/jpyiiv4a@oksbi/Paytm
02/12/2024,,44.63,DR,10872.04,UPI/fa7pbvmlc5hz@okhdfc/P2M/r9fn4d5o@ptbsi/Amazon
02/12/2024,,633.59,DR,10238.45,UPI/x1gqwek07v08@okhdfc/P2M/zb8ss9u6@ptbsi/Paytm
01/12/2024,412877,408.71,DR,9829.74,UPI/ao31pndjbhb7@axl/P2M/wpdqybyb@ptbsi/Flipkart
01/12/2024,642195,240.62,DR,9589.12,UPI/qlthvf6efpd1@ybl/P2M/z0k4cbo9@ptbyl/BigBazaar
01/12/2024,,703.11,DR,8886.01,UPI/lct4m9k0ne6c@ybl/P2M/pa90zjsz@ptbyl/Airtel
01/12/2024,,4485.69,CR,13371.7,UPI/pdfrv3ou96yg@okhdfc
01/12/2024,,584.03,DR,12787.67,UPI/4bpdun663mm9@oksbi/P2M/wjntlpxh@paytm/Edara
01/12/2024,,273.03,DR,12514.64,UPI/8ovsgl0z3u0f@ybl/P2M/kq301rvd@oksbi/Edara
01/12/2024,750616,2447.68,CR,14962.32,UPI/d4chv8nqhszh@oksbi
01/12/2024,,244.81,DR,14717.51,UPI/neqhkp07cg3u@okhdfc/P2M/541da5ym@oksbi/VENNA
01/12/2024,,1169.47,DR,13548.04,UPI/2jyyztey6gsq@paytm/P2M/hor92f16@oksbi/AxisBank
01/12/2024,,4609.67,CR,18157.71,UPI/4k35x4vhaykq@okaxis
01/12/2024,,1447.34,DR,16710.37,UPI/5vcpq150ki69@okaxis/P2M/lfgdib3s@ptbsi/Paytm
30/11/2024,567844,320.15,DR,16390.22,UPI/rl1bk65scpba@oksbi/P2M/uab3bxbh@paytm/Chala
30/11/2024,,95.4,DR,16294.82,UPI/4t4b612ne6nz@axl/P2M/fcsepyhu@paytm/Edara
30/11/2024,,108.47,DR,16186.35,UPI/vx7qgyjrlbkq@paytm/P2M/6u4nhqel@oksbi/VENNA
30/11/2024,,146.71,DR,16039.64,UPI/hjbnl3lzixbw@axl/P2M/zgzloqfk@ptbsi/Chala
30/11/2024,,749.46,DR,15290.18,UPI/rlnav0f1jna5@okaxis/P2M/08c2owvp@ptbsi/Chala
30/11/2024,,1337.44,DR,13952.74,UPI/e5mbjrhbav8s@axl/P2M/vogjv5r4@paytm/Chala
30/11/2024,609153,342.41,DR,13610.33,UPI/3dcmx23tggfi@okaxis/P2M/205barfz@ptbsi/Paytm
30/11/2024,420958,1449.31,DR,12161.02,UPI/9wowt74er3nn@axl/P2M/0cusbicz@ptbsi/BigBazaar
30/11/2024,,1305.34,DR,10855.68,UPI/vnm20uaf14u3@okaxis/P2M/9bl82ky9@oksbi/BigBazaar
30/11/2024,630835,362.8,DR,10492.88,UPI/2r1u74panbgh@okaxis/P2M/1ks1x2t2@ptbyl/Paytm
30/11/2024,,155.32,DR,10337.56,UPI/zbrc1y3zlgvg@ybl/P2M/o2w4erhk@paytm/Chala
29/11/2024,,1499.32,DR,8838.24,UPI/it4510t0yryv@axl/P2M/tlg322gh@ptbsi/Edara
29/11/2024,,1438.74,DR,7399.5,UPI/9ijyz7go4few@okhdfc/P2M/9z8s9l7m@paytm/Paytm
29/11/2024,,43.21,DR,7356.29,UPI/k552bogc4rpa@okaxis/P2M/llbwn22f@oksbi/Edara
29/11/2024,,611.39,DR,6744.9,UPI/4ldg0boab1tt@paytm/P2M/kh9p26e5@ptbsi/Flipkart
29/11/2024,334017,853.0,DR,5891.9,UPI/6jrf3z5ug28y@oksbi/P2M/trlu9w7g@oksbi/Airtel
29/11/2024,897729,577.9,DR,5314.0,UPI/iyw6pypsax4p@okhdfc/P2M/c3eq83vi@ptbyl/Flipkart
29/11/2024,,345.26,DR,4968.74,UPI/rrefcef8jgw3@oksbi/P2M/ukl0o90n@ptbsi/Chala
29/11/2024,663196,1409.66,DR,3559.08,UPI/8or2u1rnbb1h@ybl/P2M/1qmp9u9e@oksbi/Edara
29/11/2024,,158.74,DR,3400.34,UPI/ag8i5a0x0u6e@okaxis/P2M/ebdgfpln@ptbsi/VENNA
29/11/2024,,3537.9,CR,6938.24,UPI/te6jg32lmcgn@ybl
29/11/2024,340953,1361.1,DR,5577.14,UPI/3atiyvpdlsnc@axl/P2M/7sh3dnb2@paytm/Chala
28/11/2024,363305,999.88,DR,4577.26,UPI/vrro0jcf7jx2@oksbi/P2M/szno29fl@ptbsi/VENNA
28/11/2024,419038,937.04,DR,3640.22,UPI/5dx3y2r69pmv@ybl/P2M/29clrk8g@paytm/AxisBank
28/11/2024,,367.72,DR,3272.5,UPI/zt5s0ehpj15u@ybl/P2M/pebxv26j@oksbi/VENNA
28/11/2024,,4110.84,CR,7383.34,UPI/h0bwoi11c542@okhdfc
28/11/2024,618920,1432.76,DR,5950.58,UPI/s6xbb75i6m1e@okaxis/P2M/0uwt3qun@oksbi/Chala
28/11/2024,180879,2691.42,CR,8642.0,UPI/43d4vpy9dp8f@ybl
28/11/2024,,445.07,DR,8196.93,UPI/f5fnsqk0nkaq@okaxis/P2M/o1hhbwoj@paytm/AxisBank
28/11/2024,,324.27,DR,7872.66,UPI/q7wzolb135vm@paytm/P2M/994b2sn0@oksbi/VENNA
28/11/2024,,1425.75,DR,6446.91,UPI/obnqr75fkdnx@okaxis/P2M/kt6uzb55@paytm/VENNA
28/11/2024,,1148.73,DR,5298.18,UPI/o67affjz87yb@okhdfc/P2M/4c7bnoox@oksbi/Edara
28/11/2024,,451.29,DR,4846.89,UPI/1ikvr8zbtxs2@okaxis/P2M/89b52d3y@oksbi/VENNA
27/11/2024,,1457.65,DR,3389.24,UPI/hc59r5p8to3m@paytm/P2M/urer4cw8@paytm/BigBazaar
27/11/2024,274803,3534.26,CR,6923.5,UPI/r8mkybpbl5a1@axl
27/11/2024,,946.48,DR,5977.02,UPI/o0twomq2qvc3@ybl/P2M/v59ge15w@paytm/VENNA
27/11/2024,221528,860.84,DR,5116.18,UPI/tkg9gcrvf2tj@ybl/P2M/hm71b7kp@paytm/Flipkart
27/11/2024,,325.39,DR,4790.79,UPI/hxdu83uvhu34@ybl/P2M/p2fr1uqn@oksbi/AxisBank
27/11/2024,780980,227.07,DR,4563.72,UPI/o0zmewid8f6w@oksbi/P2M/685rzqui@ptbyl/Flipkart
27/11/2024,,635.72,DR,3928.0,UPI/yd2kxqh95q5h@okaxis/P2M/xvim6cme@ptbyl/Paytm
27/11/2024,,665.23,DR,3262.77,UPI/e8w0ukd3gw8t@axl/P2M/ahwcv24z@oksbi/Paytm
27/11/2024,178750,1333.12,DR,1929.65,UPI/suu1f3fxa3vy@ybl/P2M/p6g0n1ev@paytm/Amazon
27/11/2024,,1061.09,DR,868.56,UPI/qh2eal2nbckj@oksbi/P2M/jn66q6no@paytm/Chala
27/11/2024,922905,218.91,DR,649.65,UPI/rs3ar0l5bfvz@okhdfc/P2M/lzd1l9si@ptbsi/BigBazaar
26/11/2024,684745,3369.08,CR,4018.73,UPI/xj0d560ymsza@ybl
26/11/2024,971723,555.49,CR,4574.22,UPI/xbzeh31ak9y8@oksbi
26/11/2024,,211.29,DR,4362.93,UPI/1i0jcx6ptper@ybl/P2M/6j0y3jrs@oksbi/Chala
26/11/2024,,2263.11,CR,6626.04,UPI/vn41rdokpwne@ybl
26/11/2024,880463,684.26,DR,5941.78,UPI/rz7pxhlgqivp@okaxis/P2M/kykkmubp@oksbi/Chala
26/11/2024,540476,4794.13,CR,10735.91,UPI/cbcdgpfdqcu0@okhdfc
26/11/2024,505919,1196.02,DR,9539.89,UPI/fz2hz7t155ds@axl/P2M/qre6kyln@ptbsi/AxisBank
26/11/2024,479334,866.79,DR,8673.1,UPI/nqs3qeuodzqu@oksbi/P2M/740y2dig@ptbsi/Airtel
26/11/2024,699219,373.33,DR,8299.77,UPI/qcsupud7kqy5@ybl/P2M/gt3vvkdp@ptbsi/Airtel
26/11/2024,865686,280.15,DR,8019.62,UPI/4xd6amoe7ab4@paytm/P2M/su4jzqit@paytm/Amazon
25/11/2024,868810,200.19,DR,7819.43,UPI/pqfckcl791dp@ybl/P2M/7prpz2ez@ptbyl/VENNA
25/11/2024,957880,1406.49,DR,6412.94,UPI/0t9a7egb1xkq@paytm/P2M/xdk2oekk@ptbyl/AxisBank
25/11/2024,,1076.17,DR,5336.77,UPI/om2jt2xnorgd@okaxis/P2M/yr51ids7@paytm/Airtel
25/11/2024,,1281.88,DR,4054.89,UPI/h6bqyrylm6cl@axl/P2M/16ulx2xz@ptbyl/Edara
25/11/2024,,1188.66,DR,2866.23,UPI/osec3ciiwo0g@okaxis/P2M/06ops6l8@ptbsi/Edara
25/11/2024,747975,92.8,DR,2773.43,UPI/qvucdj6sohn7@paytm/P2M/5uwb38b5@oksbi/Airtel
25/11/2024,113241,756.57,DR,2016.86,UPI/hp9g6xgj2trd@paytm/P2M/aw2xycyl@paytm/Airtel
25/11/2024,,985.29,CR,3002.15,UPI/msuuk0n2zpog@okhdfc
25/11/2024,,1106.86,DR,1895.29,UPI/zjkzqppfcj1c@paytm/P2M/yjlcwdpa@paytm/AxisBank
25/11/2024,571696,1314.17,DR,581.12,UPI/5858zx1jedls@oksbi/P2M/wp9juazd@ptbsi/AxisBank
25/11/2024,,2065.46,CR,2646.58,UPI/2dvnhkx8dwaj@paytm
24/11/2024,,420.94,DR,2225.64,UPI/4o5ohmpd5lyn@axl/P2M/fr2pt5lf@oksbi/AxisBank
24/11/2024,640430,77.96,DR,2147.68,UPI/yfgoi4k3uklw@okhdfc/P2M/rfxure9h@ptbyl/BigBazaar
24/11/2024,899817,647.32,DR,1500.36,UPI/vjlrj35jb2cb@paytm/P2M/nm5ac04d@ptbsi/Chala
24/11/2024,340629,20.45,DR,1479.91,UPI/yu6jg79sdxw4@oksbi/P2M/5ymsyggv@ptbsi/VENNA
24/11/2024,,2786.24,CR,4266.15,UPI/bu42a14hsaz0@oksbi
24/11/2024,,662.68,DR,3603.47,UPI/36wekx2oq96e@okhdfc/P2M/7pd461vd@ptbsi/VENNA
24/11/2024,,799.72,CR,4403.19,UPI/6abiuz5w0zqf@okhdfc
24/11/2024,,1339.84,DR,3063.35,UPI/uhx5walirpm6@okaxis/P2M/kv5w0hep@ptbyl/Flipkart
24/11/2024,,425.17,DR,2638.18,UPI/mu09qyblr72p@axl/P2M/udywx9ht@ptbsi/AxisBank
24/11/2024,,1331.55,DR,1306.63,UPI/8pmexzgfbixc@okhdfc/P2M/5f4832i1@ptbsi/Paytm
24/11/2024,,408.62,DR,898.01,UPI/6amkhlwvbjab@okaxis/P2M/hka6m7ci@paytm/VENNA
23/11/2024,,1762.41,CR,2660.42,UPI/2qc8616nqh7d@ybl
23/11/2024,,493.13,DR,2167.29,UPI/8puq18n9i99x@oksbi/P2M/lpgk0seh@ptbsi/BigBazaar
23/11/2024,,466.13,DR,1701.16,UPI/41guwj78gof5@ybl/P2M/a5m45f5m@ptbyl/VENNA
23/11/2024,,778.58,DR,922.58,UPI/u7hektc825uv@okhdfc/P2M/7z6fa0fs@paytm/Flipkart
23/11/2024,827300,2971.11,CR,3893.69,UPI/an0wbnvian8b@oksbi
23/11/2024,,110.88,DR,3782.81,UPI/37bq8mw31qkb@paytm/P2M/mii8m0lf@paytm/Paytm
23/11/2024,,230.72,DR,3552.09,UPI/n4e6z6cwwslf@okhdfc/P2M/gcdyyi6d@paytm/Edara
23/11/2024,203869,1332.45,DR,2219.64,UPI/s3m62zx58ota@paytm/P2M/wf10synh@oksbi/Amazon
23/11/2024,689839,1001.38,DR,1218.26,UPI/ltwialmanhmq@axl/P2M/3f6wbbnf@paytm/BigBazaar
22/11/2024,,718.14,DR,500.12,UPI/andqi2yq3lfa@ybl/P2M/h6ymozko@paytm/AxisBank
22/11/2024,,306.23,DR,193.89,UPI/1dd8so7xmlnz@okhdfc/P2M/spx3885o@ptbsi/Chala
22/11/2024,,4093.13,CR,4287.02,UPI/q077kam6thgu@oksbi
22/11/2024,,659.3,DR,3627.72,UPI/th6gmu8t27z8@axl/P2M/nwbm6s4w@paytm/Airtel
22/11/2024,677742,91.28,DR,3536.44,UPI/nypp7dumwgo1@paytm/P2M/kjv4jl2f@ptbsi/Chala
22/11/2024,252815,4186.45,CR,7722.89,UPI/1a5uo7rdckev@okhdfc
22/11/2024,,622.28,DR,7100.61,UPI/u4d7nl99q096@oksbi/P2M/9csiqris@ptbsi/Chala
22/11/2024,,731.55,DR,6369.06,UPI/6z4zi9vz54al@okhdfc/P2M/wwytwc90@ptbsi/BigBazaar
21/11/2024,959250,1157.4,DR,5211.66,UPI/won0azqeoetc@ybl/P2M/1mkz1paa@ptbyl/BigBazaar
21/11/2024,833353,945.55,DR,4266.11,UPI/75hr6l6qmpcf@okaxis/P2M/5pnxg4wc@paytm/Edara
21/11/2024,301261,73.9,DR,4192.21,UPI/74wb2aaoc54i@axl/P2M/q9w8u854@oksbi/Paytm
21/11/2024,720607,774.32,DR,3417.89,UPI/e8ch9zto7jx9@axl/P2M/2cv4xzol@oksbi/Flipkart
21/11/2024,146714,572.21,DR,2845.68,UPI/1twr9zntger7@ybl/P2M/0v37yomp@oksbi/Amazon
21/11/2024,684410,1333.24,DR,1512.44,UPI/8hbp7phnf5rl@okaxis/P2M/3itjj46p@paytm/Paytm
21/11/2024,,933.37,DR,579.07,UPI/71vh7lezv0j4@oksbi/P2M/aflhgy15@oksbi/VENNA
21/11/2024,888624,4055.57,CR,4634.64,UPI/vbla9ej1waah@axl
21/11/2024,,4844.43,CR,9479.07,UPI/1ofw1u3qxkkr@okaxis
21/11/2024,,952.79,DR,8526.28,UPI/3ueocmeuo0y2@okaxis/P2M/zf4e39mu@ptbsi/Flipkart
21/11/2024,357155,550.23,DR,7976.05,UPI/mev0b9pqo9x5@ybl/P2M/nfrafn1e@ptbsi/Flipkart
20/11/2024,,580.53,CR,8556.58,UPI/huh71fbmcl91@okaxis
20/11/2024,617719,81.0,DR,8475.58,UPI/u4zww1i4iijn@oksbi/P2M/slfn6i56@paytm/AxisBank
20/11/2024,,565.97,DR,7909.61,UPI/xb0smbfbnk9e@okaxis/P2M/uqpebl5y@ptbyl/AxisBank
20/11/2024,,260.47,DR,7649.14,UPI/jmq2cei3hy2n@okaxis/P2M/04yj7sje@paytm/AxisBank
20/11/2024,,318.88,DR,7330.26,UPI/gbwcwgostd5m@okhdfc/P2M/a0b4wojj@ptbyl/Edara
20/11/2024,572294,1345.68,DR,5984.58,UPI/dzan2ebjgaxw@oksbi/P2M/i8k4n3m3@paytm/VENNA
20/11/2024,,3128.93,CR,9113.51,UPI/ywgr7sk4me6l@axl
20/11/2024,446055,323.17,DR,8790.34,UPI/bs6zkuh5d15j@okhdfc/P2M/xxdb0p3t@oksbi/Chala
20/11/2024,,306.26,DR,8484.08,UPI/35r9gds0p3ni@axl/P2M/cbbkt407@ptbsi/AxisBank
20/11/2024,236879,394.0,DR,8090.08,UPI/4na9l438ib8r@okaxis/P2M/swh6s0hc@ptbsi/Airtel
20/11/2024,,686.57,DR,7403.51,UPI/43hlxa4iwyin@ybl/P2M/2bgwxs7r@oksbi/Paytm
19/11/2024,,79.41,DR,7324.1,UPI/v7dltgdu676m@paytm/P2M/v4q2sicz@oksbi/Amazon
19/11/2024,,528.97,DR,6795.13,UPI/bue0wa1x7cgv@okaxis/P2M/l1ub3959@oksbi/Flipkart
19/11/2024,,2790.37,CR,9585.5,UPI/n6u1ct8smkv6@okhdfc
19/11/2024,631221,3870.39,CR,13455.89,UPI/fju3s93rkwm9@oksbi
19/11/2024,765435,453.9,DR,13001.99,UPI/howyu8othw5e@okhdfc/P2M/up6cky9f@oksbi/Flipkart
19/11/2024,,979.28,DR,12022.71,UPI/aytmiparwaj8@okhdfc/P2M/m4diuhcb@paytm/Amazon
19/11/2024,845500,3657.26,CR,15679.97,UPI/gaoci81zq2mo@axl
19/11/2024,294488,1304.05,DR,14375.92,UPI/x3c2oss7ic5h@okhdfc/P2M/xwtklj9k@paytm/Chala
19/11/2024,953492,811.94,DR,13563.98,UPI/s61qd55xx4ua@axl/P2M/nn9rk0oh@oksbi/AxisBank
19/11/2024,,189.31,DR,13374.67,UPI/oehh2phvb4qg@ybl/P2M/6kjhntb9@paytm/Chala
19/11/2024,,1105.79,DR,12268.88,UPI/exbmnbgmsj1v@ybl/P2M/2xrr73gn@ptbsi/Paytm
18/11/2024,,1031.79,DR,11237.09,UPI/77vjk1n4g8h4@okaxis/P2M/nqryv9tw@paytm/Edara
18/11/2024,428181,656.56,DR,10580.53,UPI/uigzjbmjdh21@oksbi/P2M/lxafrchp@ptbyl/Amazon
18/11/2024,153006,646.42,DR,9934.11,UPI/esdzyi9227g4@okhdfc/P2M/haf5yxtc@paytm/AxisBank
18/11/2024,,1741.4,CR,11675.51,UPI/2op6m9ji11fy@okhdfc
18/11/2024,,1437.44,DR,10238.07,UPI/rd0vg95ymo12@oksbi/P2M/ltlhah25@ptbyl/VENNA
18/11/2024,,1119.03,DR,9119.04,UPI/v1af74gwaamq@oksbi/P2M/uy3fv0ft@paytm/BigBazaar
18/11/2024,780685,2793.52,CR,11912.56,UPI/9efctzxanm2g@okhdfc
18/11/2024,,1451.59,DR,10460.97,UPI/w7r3yyll6y35@okhdfc/P2M/625icjtv@oksbi/AxisBank
18/11/2024,,542.19,DR,9918.78,UPI/8xfqifqwebpy@okaxis/P2M/g1n0oi9s@ptbyl/Paytm
18/11/2024,793498,161.51,DR,9757.27,UPI/j8cmtc9owquy@okaxis/P2M/she5lzm5@ptbsi/Edara
18/11/2024,881779,793.33,DR,8963.94,UPI/3t5ipdj4esay@oksbi/P2M/9d1z09ha@ptbsi/Amazon
17/11/2024,902841,189.9,DR,8774.04,UPI/pxcqdhu416cu@ybl/P2M/v8y0pr4r@oksbi/Flipkart
17/11/2024,,86.89,DR,8687.15,UPI/5r5cpuclj6ox@okhdfc/P2M/c09vnoxi@ptbsi/BigBazaar
17/11/2024,,83.25,DR,8603.9,UPI/l3wfxe7f9zo0@ybl/P2M/ib0bolvx@paytm/Paytm
17/11/2024,883324,1260.65,DR,7343.25,UPI/kxmp93nihdaa@okhdfc/P2M/uvgatl7x@ptbsi/Edara
17/11/2024,,997.61,DR,6345.64,UPI/k0kwzxjv7g7y@ybl/P2M/e83np2sa@paytm/Paytm
17/11/2024,,1291.61,CR,7637.25,UPI/ncmrhb4yiw4o@okhdfc
17/11/2024,,74.97,DR,7562.28,UPI/8zgcum86nxbo@okhdfc/P2M/a14kgl0d@ptbsi/BigBazaar
17/11/2024,,696.19,DR,6866.09,UPI/jw872cuhrlo6@paytm/P2M/ylss3i1j@ptbsi/Edara
17/11/2024,,428.57,CR,7294.66,UPI/811gkxvlsok9@ybl
17/11/2024,,792.42,DR,6502.24,UPI/f1sfi1rhrksd@axl/P2M/p68jldlp@ptbyl/Paytm
17/11/2024,788970,1315.75,DR,5186.49,UPI/mrppxbpcw0ck@paytm/P2M/mc9vdguf@ptbyl/Amazon
16/11/2024,538218,1466.36,DR,3720.13,UPI/8l5f5nzwbovj@paytm/P2M/9rjo216d@ptbsi/Paytm
16/11/2024,,334.76,DR,3385.37,UPI/wb9ldsdb4etd@okaxis/P2M/i98c6zd1@ptbsi/Amazon
16/11/2024,555657,180.0,DR,3205.37,UPI/u7yvij2tuuuw@axl/P2M/rx8pzcsf@ptbsi/Airtel
16/11/2024,140383,1239.51,DR,1965.86,UPI/0e2kf5allfa2@ybl/P2M/3pvgv68u@ptbyl/BigBazaar
16/11/2024,851938,626.49,DR,1339.37,UPI/b6r7qs8hk3sq@okaxis/P2M/n3wqsjl6@paytm/Chala
16/11/2024,,891.34,DR,448.03,UPI/foigucq8jbvj@okhdfc/P2M/igxdkbrz@ptbsi/AxisBank
16/11/2024,106850,383.71,DR,64.32,UPI/w13ay0vxs1gr@ybl/P2M/b3gmocel@ptbyl/Flipkart
16/11/2024,,783.56,CR,847.88,UPI/j6rmw7s80evj@okaxis
15/11/2024,,363.73,DR,484.15,UPI/trc5i2xu0nnr@okaxis/P2M/byktlzm9@ptbyl/Chala
15/11/2024,,2667.46,CR,3151.61,UPI/2cxmvww1v9oq@oksbi
15/11/2024,693368,786.97,DR,2364.64,UPI/tx0n0e492l4c@paytm/P2M/ldcy0nxu@oksbi/Chala
15/11/2024,,251.17,DR,2113.47,UPI/1bwjayy1cu0d@ybl/P2M/jn1621fh@ptbyl/Airtel
15/11/2024,,880.02,DR,1233.45,UPI/44uc5he1soyb@axl/P2M/k7okji4z@paytm/Airtel
15/11/2024,851652,4087.63,CR,5321.08,UPI/xkhn9gkdc2n7@okhdfc
15/11/2024,939693,768.93,CR,6090.01,UPI/kz0sscrolem0@axl
15/11/2024,,1221.13,CR,7311.14,UPI/qqccmzsroo6t@axl
15/11/2024,,543.99,DR,6767.15,UPI/biwglerl3pul@paytm/P2M/zp0q1kaa@ptbyl/BigBazaar
15/11/2024,,1890.93,CR,8658.08,UPI/h9gogzsfcnrb@axl
14/11/2024,,1183.6,DR,7474.48,UPI/c157ro7xjpdg@ybl/P2M/3cj1w2m1@ptbyl/AxisBank
14/11/2024,,1347.49,CR,8821.97,UPI/m1hjmo87frrv@ybl
14/11/2024,,77.86,DR,8744.11,UPI/bsvx4acg7mji@okaxis/P2M/tzh55i1t@oksbi/Amazon
14/11/2024,755874,514.56,DR,8229.55,UPI/fi5n2lwc9ikd@okhdfc/P2M/38vc4gtj@ptbyl/VENNA
14/11/2024,392005,221.42,DR,8008.13,UPI/53ulmosq0alu@okaxis/P2M/czj79rkm@paytm/Paytm
14/11/2024,,4438.05,CR,12446.18,UPI/4fz5rrrpwyd9@okhdfc
14/11/2024,,933.69,DR,11512.49,UPI/y71zupuefsdz@ybl/P2M/ctbxuizc@ptbyl/BigBazaar
14/11/2024,307127,1284.02,DR,10228.47,UPI/vigv36lyt6h8@oksbi/P2M/p2jcnz2z@oksbi/Chala
14/11/2024,,793.64,DR,9434.83,UPI/b3vj6oaaj4y9@axl/P2M/9xyu3twa@ptbyl/Airtel
14/11/2024,120209,1300.24,DR,8134.59,UPI/0oazrw5r6ym6@oksbi/P2M/mn56ypwn@ptbsi/Paytm
14/11/2024,,370.15,CR,8504.74,UPI/eq4m73brzdku@ybl
13/11/2024,651942,4570.2,CR,13074.94,UPI/l18ywfjpflqj@oksbi
13/11/2024,,254.98,DR,12819.96,UPI/a9mb81fxm7ru@okhdfc/P2M/lndepsd8@ptbsi/Airtel
13/11/2024,,637.95,DR,12182.01,UPI/8pmdxfk0gbth@okaxis/P2M/qmrltmoi@paytm/Amazon
13/11/2024,,833.54,DR,11348.47,UPI/1hy2g1n4xfhi@ybl/P2M/gi300kqi@paytm/VENNA
13/11/2024,314040,124.67,CR,11473.14,UPI/oqq7absl3q7f@ybl
13/11/2024,,220.27,DR,11252.87,UPI/xd8734ox07h0@ybl/P2M/fbp2kuye@ptbyl/Edara
13/11/2024,194947,321.09,DR,10931.78,UPI/pjfvbo7ivh8w@ybl/P2M/2ojkvs4f@paytm/Airtel
13/11/2024,,4146.07,CR,15077.85,UPI/sqlw26i3hfti@ybl
13/11/2024,,107.66,DR,14970.19,UPI/pntbd2dl055h@okaxis/P2M/9un9hgfr@paytm/VENNA
13/11/2024,,4104.82,CR,19075.01,UPI/g57of7277sxa@okhdfc
13/11/2024,747971,1228.21,DR,17846.8,UPI/shpxp83prav0@axl/P2M/rensquhb@ptbsi/Chala
12/11/2024,933344,3239.38,CR,21086.18,UPI/cq2dv1y6vh66@okaxis
12/11/2024,,1208.34,DR,19877.84,UPI/std58yn61c5c@axl/P2M/kkz0zzrl@ptbyl/Chala
12/11/2024,,1364.44,DR,18513.4,UPI/6lrgs4we78l9@okhdfc/P2M/vngt1xxi@ptbyl/VENNA
12/11/2024,669893,1776.92,CR,20290.32,UPI/fzcse6jxy6p0@axl
12/11/2024,497394,20.84,DR,20269.48,UPI/i2z3dpg84yib@paytm/P2M/0mv5p9jl@ptbsi/Airtel
12/11/2024,180447,430.67,DR,19838.81,UPI/o7r424j0x3dv@okaxis/P2M/nez39122@ptbyl/VENNA
12/11/2024,,4152.34,CR,23991.15,UPI/rfonfn97ipkj@ybl
12/11/2024,,792.03,DR,23199.12,UPI/e6m0la4ko1zf@okaxis/P2M/u9qhwcos@ptbyl/BigBazaar
12/11/2024,,1237.84,DR,21961.28,UPI/cufj1bjzm37q@okhdfc/P2M/fjaijhc0@paytm/Airtel
12/11/2024,705240,60.13,DR,21901.15,UPI/qzkd0yko0u64@paytm/P2M/4v5dqqr4@paytm/Paytm
12/11/2024,,1385.21,DR,20515.94,UPI/znnxqfkr4iws@oksbi/P2M/e9aj99k1@ptbyl/Paytm
11/11/2024,,179.48,DR,20336.46,UPI/0bxfqrbic8jo@okaxis/P2M/d2eegfq9@paytm/Flipkart
11/11/2024,953533,245.87,DR,20090.59,UPI/tab7tqnj9vvc@ybl/P2M/d7vu91p1@paytm/Paytm
11/11/2024,943464,458.2,DR,19632.39,UPI/1v983938zbko@paytm/P2M/msnx0rnc@oksbi/Edara
11/11/2024,697535,864.36,DR,18768.03,UPI/y8k4o8607x7p@oksbi/P2M/s77051a0@oksbi/Paytm
11/11/2024,295661,119.93,DR,18648.1,UPI/47avesu88i0c@oksbi/P2M/ojfjeizg@ptbsi/Chala
11/11/2024,,691.23,DR,17956.87,UPI/xmfc9gya1bjd@oksbi/P2M/5enf8qah@oksbi/VENNA
11/11/2024,959981,1046.65,DR,16910.22,UPI/muvr0a68vbkb@okhdfc/P2M/qx2b2y6h@oksbi/Amazon
11/11/2024,,736.72,DR,16173.5,UPI/swg969vq3vz9@oksbi/P2M/kawfmhk2@paytm/AxisBank
11/11/2024,997248,324.04,DR,15849.46,UPI/8c5hkt3ex0be@axl/P2M/9xpzq8wn@ptbsi/Paytm
11/11/2024,,1216.01,CR,17065.47,UPI/n20uw8i6r76w@oksbi
11/11/2024,,514.18,DR,16551.29,UPI/bswl25w11oom@okaxis/P2M/tazg9hgl@paytm/Edara
10/11/2024,,3856.2,CR,20407.49,UPI/cnekp2s9abbx@oksbi
10/11/2024,,1389.2,DR,19018.29,UPI/m6cplv343ru1@oksbi/P2M/2787nv95@ptbyl/Edara
10/11/2024,,790.64,CR,19808.93,UPI/yprki7rfr3jl@paytm
10/11/2024,665666,930.64,DR,18878.29,UPI/xbfkqppwpbor@okaxis/P2M/wrk56ngl@paytm/BigBazaar
10/11/2024,785169,278.98,DR,18599.31,UPI/hnkwzuc2nyvj@oksbi/P2M/pc4u2pft@ptbsi/Airtel
10/11/2024,,770.12,DR,17829.19,UPI/16t2ic95ajid@okaxis/P2M/b1t98g97@ptbyl/Flipkart
10/11/2024,996976,1088.61,DR,16740.58,UPI/id4q904hofla@okaxis/P2M/omjrd608@oksbi/AxisBank
10/11/2024,,867.37,DR,15873.21,UPI/xqcnapd5mf92@oksbi/P2M/h8dtp22c@paytm/VENNA
10/11/2024,,1254.88,DR,14618.33,UPI/683oik96bbcx@paytm/P2M/dx3z1jhc@paytm/Paytm
10/11/2024,,1487.6,DR,13130.73,UPI/x3zvnqev1oal@oksbi/P2M/rj5a3rcj@ptbsi/Airtel
10/11/2024,,315.04,DR,12815.69,UPI/2fkh24fvouxc@okhdfc/P2M/fkj11ld2@ptbsi/BigBazaar
09/11/2024,375301,1234.83,DR,11580.86,UPI/owxy7thx6g24@axl/P2M/iqftumxw@oksbi/Paytm
09/11/2024,,941.79,CR,12522.65,UPI/s8mhcphk9is6@ybl
09/11/2024,836369,237.13,DR,12285.52,UPI/t0rbqjq8cpq4@ybl/P2M/8fnayawz@oksbi/AxisBank
09/11/2024,,1119.49,DR,11166.03,UPI/qp07sysj7uoc@ybl/P2M/abg6f5qi@ptbsi/Airtel
09/11/2024,,2695.0,CR,13861.03,UPI/ryt93v6ggnf1@okhdfc
09/11/2024,593669,116.36,DR,13744.67,UPI/3ydwi0piqdgg@okhdfc/P2M/1qk6xwtq@paytm/Edara
09/11/2024,812226,986.53,DR,12758.14,UPI/dhuroqm5pmka@paytm/P2M/pe171pp1@ptbyl/BigBazaar
09/11/2024,,30.7,DR,12727.44,UPI/8ms83742xohy@oksbi/P2M/7ng5ddgx@ptbyl/Amazon
09/11/2024,,942.6,DR,11784.84,UPI/zli453ylethc@ybl/P2M/jlq4jjdn@ptbyl/Edara
09/11/2024,,10.92,DR,11773.92,UPI/5rr3pxg4idmh@paytm/P2M/lvkajxow@paytm/Edara
09/11/2024,951613,4925.67,CR,16699.59,UPI/7xsfycmeqrvn@ybl
08/11/2024,,1719.71,CR,18419.3,UPI/wir36iiv68hr@axl
08/11/2024,235174,263.55,DR,18155.75,UPI/vlvhklj9zqpg@paytm/P2M/zoj3ftbd@ptbyl/Paytm
08/11/2024,,820.71,DR,17335.04,UPI/8quljyoo1xmq@paytm/P2M/obyrk83h@ptbyl/Amazon
08/11/2024,,1391.63,DR,15943.41,UPI/2sl979ff4ubc@oksbi/P2M/rq1u0b4e@oksbi/AxisBank
08/11/2024,,373.49,DR,15569.92,UPI/livl0b3gdeeb@axl/P2M/kwno4b38@ptbyl/AxisBank
08/11/2024,,3370.48,CR,18940.4,UPI/rx0t28svny8l@oksbi
08/11/2024,,622.61,CR,19563.01,UPI/nyzj590rpo85@paytm
08/11/2024,,204.57,DR,19358.44,UPI/7hozejadih2n@okhdfc/P2M/dtv0tc43@ptbsi/Edara
08/11/2024,894436,1246.02,DR,18112.42,UPI/kdmr93i0om8r@ybl/P2M/4n10ylhf@oksbi/Airtel
08/11/2024,904274,4281.01,CR,22393.43,UPI/ky4v9yu3bqd8@axl
08/11/2024,,1396.42,DR,20997.01,UPI/fhn5zy2g3brc@ybl/P2M/d0e6f9i4@paytm/Edara
07/11/2024,508305,857.26,DR,20139.75,UPI/yr7yoikq1qqs@paytm/P2M/t4pbntp0@paytm/Airtel
07/11/2024,804023,324.12,DR,19815.63,UPI/oe4pnu94iep7@okhdfc/P2M/2w3jumew@ptbyl/Chala
07/11/2024,862665,960.82,DR,18854.81,UPI/j0ttxtjnspjo@ybl/P2M/ul5fau24@ptbsi/Flipkart
07/11/2024,,1163.38,DR,17691.43,UPI/2kuj449gblva@okaxis/P2M/echobykg@oksbi/Edara
07/11/2024,,1285.33,CR,18976.76,UPI/54yxwmv27sas@axl
07/11/2024,,470.95,DR,18505.81,UPI/kjj399ro3mgt@oksbi/P2M/ss7l9fhz@oksbi/Flipkart
07/11/2024,942738,73.71,DR,18432.1,UPI/541smzh8u1id@okhdfc/P2M/akyzeldq@ptbyl/VENNA
07/11/2024,135548,139.54,DR,18292.56,UPI/vrboz260ei94@ybl/P2M/q0nttmuo@ptbsi/Amazon
07/11/2024,969949,802.12,DR,17490.44,UPI/ep3pmj95ewuw@paytm/P2M/1f9l5e6z@ptbyl/Edara
07/11/2024,794745,665.98,DR,16824.46,UPI/8jbe9x8bqsec@axl/P2M/uu0lm2pq@ptbsi/Edara
07/11/2024,,886.58,DR,15937.88,UPI/ljoy6sqpiy4g@ybl/P2M/t9r6fn9o@ptbyl/Chala
06/11/2024,,792.19,DR,15145.69,UPI/qibod651vpuv@axl/P2M/s60ghulm@ptbsi/Flipkart
06/11/2024,,638.48,DR,14507.21,UPI/rz159tb0t4ox@okhdfc/P2M/r5xhtm1i@oksbi/AxisBank
06/11/2024,465305,979.08,DR,13528.13,UPI/k9oeesjgxhze@paytm/P2M/6brpeaem@paytm/Amazon
06/11/2024,,1077.37,DR,12450.76,UPI/x7zlrvup383d@ybl/P2M/yosix027@ptbyl/Paytm
06/11/2024,204571,765.99,DR,11684.77,UPI/cjv17pq6i9om@ybl/P2M/ltitktr2@oksbi/Amazon
06/11/2024,,79.46,DR,11605.31,UPI/t96zk54sgutq@axl/P2M/41qll002@paytm/Edara
06/11/2024,,912.45,DR,10692.86,UPI/k7ricdidvg0k@axl/P2M/s5q9xuoc@ptbsi/Airtel
06/11/2024,,95.22,DR,10597.64,UPI/evvsw7qnmecb@oksbi/P2M/ygugsd3m@paytm/Amazon
06/11/2024,566930,1241.2,DR,9356.44,UPI/1b1o58j8mc0x@okaxis/P2M/yo3cbf1d@ptbsi/Airtel
06/11/2024,,1282.22,DR,8074.22,UPI/437rw505e1gq@okhdfc/P2M/t36hqvir@ptbyl/AxisBank
06/11/2024,,601.06,DR,7473.16,UPI/ae5wmuzttzma@okhdfc/P2M/30ww1h9q@ptbyl/Airtel
05/11/2024,,728.91,DR,6744.25,UPI/v8h38slql7gr@axl/P2M/fjahzsja@oksbi/VENNA
05/11/2024,995544,848.9,DR,5895.35,UPI/4pq2wbq77wky@okhdfc/P2M/589quj1r@oksbi/VENNA
05/11/2024,,1012.56,DR,4882.79,UPI/cmd27nwetmr8@okaxis/P2M/59mt6pg5@ptbyl/Paytm
05/11/2024,,85.55,DR,4797.24,UPI/v715vysu3dfg@paytm/P2M/zwm5dsfc@ptbyl/Airtel
05/11/2024,,757.66,DR,4039.58,UPI/x8lgg9cps5s2@ybl/P2M/5487e672@paytm/Edara
05/11/2024,,971.23,DR,3068.35,UPI/39jxevwcb1v6@paytm/P2M/t7s6azi2@paytm/Flipkart
05/11/2024,,168.1,DR,2900.25,UPI/0rtodwl75bz6@oksbi/P2M/fgow6on6@ptbsi/Flipkart
05/11/2024,,164.05,DR,2736.2,UPI/82il53e3c4ee@ybl/P2M/z3jfxnza@paytm/BigBazaar
05/11/2024,180220,1011.31,DR,1724.89,UPI/4uxfzcpjsrs4@paytm/P2M/yr9hctsy@oksbi/Flipkart
05/11/2024,,668.31,DR,1056.58,UPI/5dd1awfqhxio@okhdfc/P2M/j2i2j2vz@ptbsi/Edara
05/11/2024,,995.54,DR,61.04,UPI/x7d85w88etpx@okhdfc/P2M/d9k7kkr4@ptbsi/BigBazaar
04/11/2024,,4351.94,CR,4412.98,UPI/geomo3o0opja@okhdfc
04/11/2024,,791.39,DR,3621.59,UPI/7mqtb4minwk6@ybl/P2M/51or7o6o@oksbi/VENNA
04/11/2024,629770,473.4,DR,3148.19,UPI/c4bm3x8il0o6@ybl/P2M/atoqc4v0@ptbsi/Amazon
04/11/2024,,349.35,DR,2798.84,UPI/reyllexsjwhp@okaxis/P2M/mi48xa6q@ptbyl/Edara
03/11/2024,,338.11,DR,2460.73,UPI/guv3hh6y6yad@okaxis/P2M/t018werr@oksbi/Paytm
03/11/2024,,1315.27,DR,1145.46,UPI/tcwtgf4b2mtv@axl/P2M/y4u6bk69@paytm/Edara
03/11/2024,639194,487.63,DR,657.83,UPI/iykj31jiumin@oksbi/P2M/9g81e16e@ptbyl/Edara
03/11/2024,864952,553.93,DR,103.9,UPI/8st3q94uwa9w@axl/P2M/g9lbqt5r@ptbyl/Amazon
03/11/2024,348519,725.61,CR,829.51,UPI/278yh85t2fv4@okhdfc
03/11/2024,,151.64,DR,677.87,UPI/t1clzoypmgjy@oksbi/P2M/tya1v5cf@ptbsi/AxisBank
03/11/2024,,552.53,DR,125.34,UPI/18e0jp42616e@okaxis/P2M/trw4awz6@paytm/Paytm
02/11/2024,,3941.74,CR,4067.08,UPI/mm1jmk71n89z@okaxis
02/11/2024,,925.42,DR,3141.66,UPI/a3im1urqtwak@paytm/P2M/70tgf36r@oksbi/AxisBank
02/11/2024,,143.52,DR,2998.14,UPI/xnxvv493g7ov@oksbi/P2M/aa2kery6@ptbyl/BigBazaar
02/11/2024,255672,266.87,DR,2731.27,UPI/t7tohqplgg7p@okaxis/P2M/z78t0rmg@ptbsi/Airtel
02/11/2024,,1215.37,DR,1515.9,UPI/pahtxxm11d7g@okhdfc/P2M/it8s5wvg@paytm/Amazon
02/11/2024,417767,899.39,DR,616.51,UPI/ek2oakruo1ec@paytm/P2M/nt2t0kq3@paytm/AxisBank
02/11/2024,175244,2327.94,CR,2944.45,UPI/oghn7zo92mll@okaxis
02/11/2024,,919.65,DR,2024.8,UPI/ahqdk6umfqyv@ybl/P2M/tw88aczj@ptbyl/BigBazaar
02/11/2024,684103,2212.01,CR,4236.81,UPI/hehh4b5czoe8@oksbi
02/11/2024,,1060.73,DR,3176.08,UPI/g3f2vryuq45r@paytm/P2M/wxu4ne4b@ptbsi/BigBazaar
01/11/2024,,1032.48,DR,2143.6,UPI/nneoo2vp5kxj@okaxis/P2M/rmy4b4m2@ptbyl/AxisBank
01/11/2024,442853,763.59,CR,2907.19,UPI/9d2p3dpmf06h@oksbi
01/11/2024,,776.24,DR,2130.95,UPI/u8ovp9k1k5om@okaxis/P2M/d40y4z5k@ptbsi/AxisBank
01/11/2024,,2752.74,CR,4883.69,UPI/vte2m5mfm2je@ybl
01/11/2024,,30.04,DR,4853.65,UPI/mxw1js2pkakh@axl/P2M/nujdxwwh@ptbsi/Amazon
01/11/2024,,210.67,DR,4642.98,UPI/kaff0vuxe7kz@okaxis/P2M/9yjtkdk1@oksbi/Flipkart
01/11/2024,,586.68,DR,4056.3,UPI/n3m1ysylvlih@paytm/P2M/pbs03af0@ptbyl/Paytm
01/11/2024,,839.48,DR,3216.82,UPI/r1r53vp7cfmz@axl/P2M/2ss949jq@ptbsi/AxisBank
01/11/2024,,383.5,DR,2833.32,UPI/4d3j0dpycgcm@okhdfc/P2M/u484bz9l@oksbi/VENNA
01/11/2024,,1221.68,DR,1611.64,UPI/i70oiqb3waz3@oksbi/P2M/qrrqeg35@paytm/AxisBank
01/11/2024,,311.4,DR,1300.24,UPI/v4j6z3av7sbr@oksbi/P2M/ltjv2d65@paytm/Flipkart
