Date,Instrument ID,Amount,Type,Balance,Remarks
31/07/2021,,433.56,DR,510.68,UPI/nks7trtswica@oksbi/P2M/3v0gkiwd@oksbi/Paytm
31/07/2021,519218,480.28,DR,30.4,UPI/2n5hk5zm3snn@ybl/P2M/h9fcy0yj@oksbi/Paytm
31/07/2021,,4400.25,CR,4430.65,UPI/mgihbstsbcf9@paytm
31/07/2021,,3616.8,CR,8047.45,UPI/zn0e34hd8t32@okaxis
30/07/2021,916637,361.17,DR,7686.28,UPI/f61cl24ptc89@ybl/P2M/twat36qr@oksbi/Edara
30/07/2021,291436,1095.92,DR,6590.36,UPI/vstkuw89179t@ybl/P2M/fm782k6m@paytm/Edara
30/07/2021,,341.42,DR,6248.94,UPI/d7dz9afdb7jg@oksbi/P2M/838w5lo0@oksbi/Edara
30/07/2021,576331,1150.34,DR,5098.6,UPI/ykds5rtwld7v@paytm/P2M/g61zujl5@ptbsi/Amazon
30/07/2021,,33.41,DR,5065.19,UPI/2cz86a4gkgh0@paytm/P2M/htsaxpux@ptbsi/Paytm
30/07/2021,310216,4764.82,CR,9830.01,UPI/10ze11ruz3kz@okaxis
30/07/2021,793122,504.02,CR,10334.03,UPI/ttcpfnzfou6q@axl
30/07/2021,968301,547.94,DR,9786.09,UPI/o65pfen252fj@axl/P2M/cm59w4un@oksbi/Edara
30/07/2021,,469.77,DR,9316.32,UPI/nk1y36mrfvoc@axl/P2M/v6ibvdg6@ptbyl/AxisBank
30/07/2021,,382.14,DR,8934.18,UPI/1cnrdyhawqel@axl/P2M/uig343ma@paytm/Flipkart
30/07/2021,,911.05,DR,8023.13,UPI/ncajhcf1owic@okhdfc/P2M/erl01wkw@ptbsi/Chala
30/07/2021,,19.29,DR,8003.84,UPI/0rmtyqspogso@oksbi/P2M/14ngt4pc@paytm/AxisBank
29/07/2021,,2080.35,CR,10084.19,UPI/fld8qjw5yjbl@okhdfc
29/07/2021,425498,221.94,DR,9862.25,UPI/u3njgwg8q4i9@oksbi/P2M/0hzf6do9@paytm/Airtel
29/07/2021,616148,1266.35,DR,8595.9,UPI/ykjlrmymofwl@axl/P2M/hk63p657@paytm/Edara
29/07/2021,,3116.77,CR,11712.67,UPI/xogfgxpj5vt6@okhdfc
29/07/2021,469882,256.6,DR,11456.07,UPI/gu85z6lq9rmv@paytm/P2M/rd55ge03@ptbyl/BigBazaar
29/07/2021,148597,104.91,DR,11351.16,UPI/izs94zjg1vt1@okhdfc/P2M/9lx4dd8t@paytm/Airtel
29/07/2021,,1422.51,DR,9928.65,UPI/2k9lvm27ncyx@paytm/P2M/hc6ie3l6@ptbsi/Paytm
29/07/2021,,347.25,DR,9581.4,UPI/8up7j288w8bl@axl/P2M/txurfr4l@oksbi/Airtel
29/07/2021,,135.8,DR,9445.6,UPI/dgkqjb6rp70j@paytm/P2M/2e8xmc2a@oksbi/Amazon
29/07/2021,,347.79,DR,9097.81,UPI/yo2ghnykkue5@okaxis/P2M/ou1oclt9@oksbi/AxisBank
29/07/2021,,265.41,DR,8832.4,UPI/p7rs8yh4rxfe@okaxis/P2M/ysyroa4m@oksbi/Airtel
29/07/2021,,246.55,DR,8585.85,UPI/rp7hghhgbg65@paytm/P2M/90ef4wj9@ptbyl/BigBazaar
28/07/2021,,610.37,DR,7975.48,UPI/3galmgqfe6r3@oksbi/P2M/3f7v7d8a@ptbyl/AxisBank
28/07/2021,,309.93,DR,7665.55,UPI/snftza95ghua@axl/P2M/l9vjiqhn@paytm/BigBazaar
28/07/2021,852594,1386.5,DR,6279.05,UPI/kesi3n1r5jwb@oksbi/P2M/9poozfl8@paytm/Chala
28/07/2021,631765,584.22,DR,5694.83,UPI/7i9rcknefpcb@paytm/P2M/lbsfsge6@paytm/VENNA
28/07/2021,,888.21,DR,4806.62,UPI/cmp96m3rwsu2@ybl/P2M/v7o2y1iq@oksbi/Edara
28/07/2021,,960.87,DR,3845.75,UPI/jk5ihpvs4rm8@axl/P2M/bkqo1fk6@ptbyl/Flipkart
28/07/2021,,615.36,DR,3230.39,UPI/4centax8pdj4@axl/P2M/x6q8nxd9@ptbyl/Paytm
28/07/2021,,3938.51,CR,7168.9,UPI/akdln7z5n0ke@okaxis
28/07/2021,,2350.23,CR,9519.13,UPI/ar3n6s9fy3rc@ybl
28/07/2021,706403,770.89,DR,8748.24,UPI/ge27u56fkst4@okaxis/P2M/rdw78lso@ptbyl/Airtel
28/07/2021,493658,669.13,DR,8079.11,UPI/1jvdimaxppyr@okaxis/P2M/z7ptrcxy@oksbi/Airtel
28/07/2021,,550.77,DR,7528.34,UPI/vfggcdchf4bv@okhdfc/P2M/jaun42cl@ptbyl/Edara
27/07/2021,341259,217.75,DR,7310.59,UPI/x8s3bh5celon@okhdfc/P2M/yel8h3jp@paytm/Paytm
27/07/2021,351709,1258.43,DR,6052.16,UPI/qljzuis6c1rp@axl/P2M/2o055xee@paytm/Airtel
27/07/2021,283308,683.6,DR,5368.56,UPI/v13d2cebze9o@ybl/P2M/xb5znzo8@ptbyl/Edara
27/07/2021,,1444.69,DR,3923.87,UPI/b053lumn9ntm@okhdfc/P2M/xenp7er7@oksbi/AxisBank
27/07/2021,,1423.86,DR,2500.01,UPI/4j95sfd2rjmu@ybl/P2M/p0ty3ria@oksbi/VENNA
27/07/2021,,1155.67,DR,1344.34,UPI/qqqdok9qqjz6@oksbi/P2M/xp8667xg@paytm/Paytm
27/07/2021,,959.65,DR,384.69,UPI/1c5tpnys8mya@ybl/P2M/gmjlm56a@ptbyl/BigBazaar
27/07/2021,,2456.15,CR,2840.84,UPI/9mldwv499dgx@okaxis
27/07/2021,842227,1419.79,DR,1421.05,UPI/z0rzb8lvoy64@axl/P2M/u4a1qyb4@ptbyl/Chala
27/07/2021,776817,895.09,DR,525.96,UPI/956sjby6h2c7@okaxis/P2M/0lj94ria@paytm/Amazon
27/07/2021,450779,392.0,DR,133.96,UPI/brhujyfocs7f@oksbi/P2M/jlqg0dnd@ptbyl/Amazon
26/07/2021,257603,2096.07,CR,2230.03,UPI/c0k00alzc33m@okaxis
26/07/2021,,1429.13,DR,800.9,UPI/ab6n821gjrom@oksbi/P2M/kceecy31@ptbyl/Amazon
26/07/2021,,22.37,DR,778.53,UPI/nqbq4vr56ovt@axl/P2M/e0ztu0kz@paytm/Edara
26/07/2021,482799,2048.14,CR,2826.67,UPI/s3un3xaqakqe@paytm
26/07/2021,359415,2196.31,CR,5022.98,UPI/lq55or8k44ay@okaxis
26/07/2021,499525,305.89,DR,4717.09,UPI/1kpc8skp2l8x@okhdfc/P2M/vq6syojb@ptbyl/Paytm
26/07/2021,,406.89,DR,4310.2,UPI/hhpcz1niqfk1@oksbi/P2M/l46kbakl@paytm/Edara
26/07/2021,,372.33,DR,3937.87,UPI/yf1u9vfs0z1g@okaxis/P2M/zj5zkup3@ptbyl/Airtel
26/07/2021,,1032.17,DR,2905.7,UPI/neqq2cch4nzn@okaxis/P2M/ea1iriwa@oksbi/AxisBank
26/07/2021,777607,26.76,DR,2878.94,UPI/z1vyx2b2ytqi@paytm/P2M/rg5y5ou6@oksbi/BigBazaar
25/07/2021,743529,999.7,DR,1879.24,UPI/g67a0jwiw88e@ybl/P2M/vhzilmhb@paytm/AxisBank
25/07/2021,873036,1272.77,DR,606.47,UPI/zxjkhmj18wp8@okaxis/P2M/yxtr112y@ptbyl/VENNA
25/07/2021,371797,149.24,DR,457.23,UPI/e1j1mrnxlssv@okhdfc/P2M/sxo5p61t@ptbyl/Airtel
25/07/2021,,414.23,DR,43.0,UPI/tvm7s65x2d9p@ybl/P2M/6dxbw0g0@ptbsi/Edara
25/07/2021,,11.59,DR,31.41,UPI/l8ouj43wec13@axl/P2M/yccyyvu3@ptbsi/AxisBank
24/07/2021,,908.47,CR,939.88,UPI/r3osj68mgjsl@axl
24/07/2021,434352,3266.32,CR,4206.2,UPI/agx645rzik95@ybl
24/07/2021,104692,544.01,DR,3662.19,UPI/rtoyuv3r4m1k@ybl/P2M/b0eau8w1@paytm/Airtel
24/07/2021,,388.1,CR,4050.29,UPI/es4swyj0e7qi@ybl
24/07/2021,978024,139.21,DR,3911.08,UPI/9zshzo5pjjy0@oksbi/P2M/f7eq4f30@ptbyl/VENNA
23/07/2021,,688.69,DR,3222.39,UPI/8ms78p4k0uf4@oksbi/P2M/3ejre1co@oksbi/Airtel
23/07/2021,827570,460.68,DR,2761.71,UPI/r7eb23utlclv@okhdfc/P2M/t72scvp3@ptbyl/VENNA
23/07/2021,,2760.3,CR,5522.01,UPI/8w09gbwyawvx@paytm
23/07/2021,,914.8,DR,4607.21,UPI/p0iexkirm35h@ybl/P2M/diis68qm@paytm/Paytm
23/07/2021,429116,1662.71,CR,6269.92,UPI/b4nsqcs161et@axl
23/07/2021,159655,927.1,DR,5342.82,UPI/o4bjjvyqgzkj@okhdfc/P2M/1uj8c5zf@ptbyl/Flipkart
23/07/2021,,1255.9,DR,4086.92,UPI/2rpglf698755@axl/P2M/rir0r6j8@oksbi/BigBazaar
23/07/2021,837918,146.9,DR,3940.02,UPI/u96bxrnu7uad@okhdfc/P2M/rna1ig49@oksbi/VENNA
23/07/2021,985347,767.38,DR,3172.64,UPI/glocuqnesmv4@axl/P2M/5e9ll22y@oksbi/Paytm
23/07/2021,213489,1363.86,DR,1808.78,UPI/a5vmmxioba41@axl/P2M/j94iyrz8@paytm/Amazon
23/07/2021,250592,1352.39,DR,456.39,UPI/amnk0nnld59v@okaxis/P2M/28xsphwd@ptbyl/Chala
22/07/2021,,342.93,DR,113.46,UPI/7igxypb2979s@oksbi/P2M/1ndxjank@paytm/Airtel
22/07/2021,637736,1823.71,CR,1937.17,UPI/vo0ytnoqn4b0@okhdfc
22/07/2021,984299,1310.75,DR,626.42,UPI/pizdzva7oqvd@okaxis/P2M/q46l9emm@ptbsi/BigBazaar
22/07/2021,651579,621.13,DR,5.29,UPI/qakfw9pkr7d0@axl/P2M/n7helxbm@paytm/Amazon
21/07/2021,,2365.77,CR,2371.06,UPI/swntphmm4egy@okhdfc
21/07/2021,,888.51,DR,1482.55,UPI/tnlyvamr2iwf@okaxis/P2M/aujammpr@paytm/Chala
21/07/2021,,1328.79,DR,153.76,UPI/89dfzw5yhqhj@okaxis/P2M/882x708m@paytm/Airtel
21/07/2021,,2985.78,CR,3139.54,UPI/iuevc76nw3ha@okaxis
21/07/2021,284423,1081.45,DR,2058.09,UPI/hyb2cbm189rg@okhdfc/P2M/466r9v7h@oksbi/Chala
21/07/2021,410853,3899.91,CR,5958.0,UPI/limhbrb81md0@paytm
21/07/2021,,1297.57,DR,4660.43,UPI/wajqbonftdmp@axl/P2M/9ab1axk6@ptbyl/Chala
21/07/2021,,510.47,DR,4149.96,UPI/gw051tzr640l@axl/P2M/xov3sqxe@oksbi/Paytm
21/07/2021,,935.18,DR,3214.78,UPI/ht70okigkehc@oksbi/P2M/peh88rvp@paytm/Chala
20/07/2021,,4181.87,CR,7396.65,UPI/z4x8e7rsv03z@ybl
20/07/2021,,715.61,DR,6681.04,UPI/zosyoluxy78f@okhdfc/P2M/fvss2ksw@oksbi/BigBazaar
20/07/2021,,459.81,DR,6221.23,UPI/id7i1nmhivbd@okhdfc/P2M/ipzk86ap@ptbsi/Amazon
20/07/2021,807882,1092.43,DR,5128.8,UPI/jnj0cbna7olb@okaxis/P2M/3k0m6chy@ptbsi/Airtel
20/07/2021,906630,1351.95,DR,3776.85,UPI/go4k8ve6qyn9@ybl/P2M/guqkf2zf@ptbsi/Amazon
20/07/2021,,930.1,DR,2846.75,UPI/7rn2ubg7be27@axl/P2M/pmib632o@ptbyl/Airtel
20/07/2021,,157.89,DR,2688.86,UPI/ect1e2ifxqtl@oksbi/P2M/sdx5nc1e@paytm/Edara
20/07/2021,,3038.02,CR,5726.88,UPI/3he4ykib0dw6@paytm
20/07/2021,536198,481.39,DR,5245.49,UPI/hu7b0scqvr0k@paytm/P2M/olcn03ip@paytm/Paytm
20/07/2021,,1430.7,DR,3814.79,UPI/ooyhxwui85ba@okhdfc/P2M/00h5tknv@ptbsi/Chala
20/07/2021,,548.33,DR,3266.46,UPI/frrf3elmrmzj@paytm/P2M/26t532p1@paytm/Amazon
20/07/2021,,1000.54,DR,2265.92,UPI/si8gibnk23ub@paytm/P2M/94c6do67@oksbi/VENNA
19/07/2021,,225.72,DR,2040.2,UPI/g91o85505klo@paytm/P2M/sb7vowa4@paytm/Airtel
19/07/2021,397744,740.14,DR,1300.06,UPI/etg9tivgtg7w@okhdfc/P2M/f9ml123i@oksbi/VENNA
19/07/2021,444811,136.82,DR,1163.24,UPI/v06e39gfdslr@okhdfc/P2M/c0c6t2qb@paytm/Airtel
19/07/2021,,1080.13,DR,83.11,UPI/hcah154n6oud@paytm/P2M/1vxkboc9@oksbi/Amazon
18/07/2021,,28.11,DR,55.0,UPI/g8eesxli00jz@ybl/P2M/74pi5i5r@oksbi/Flipkart
18/07/2021,383126,2466.47,CR,2521.47,UPI/d5fynt8vpdwc@paytm
17/07/2021,,126.98,DR,2394.49,UPI/8pe690kz7uy5@axl/P2M/v4mo0tal@ptbsi/Flipkart
17/07/2021,339927,1208.06,DR,1186.43,UPI/2xczgkb1u1en@axl/P2M/2oz9q2rg@ptbyl/AxisBank
17/07/2021,,1586.3,CR,2772.73,UPI/ixf0a44cekf5@okaxis
17/07/2021,581001,675.57,DR,2097.16,UPI/d4b1ez4gjxcf@okhdfc/P2M/xg56gq84@ptbsi/BigBazaar
17/07/2021,468628,1277.43,DR,819.73,UPI/5dygqgsx3xnz@paytm/P2M/2nuhu5xz@paytm/Paytm
17/07/2021,,40.94,DR,778.79,UPI/2dwazelgbdar@paytm/P2M/jbd5ezlc@oksbi/Flipkart
17/07/2021,,1759.3,CR,2538.09,UPI/6y4z47to7eiy@paytm
17/07/2021,,2000.38,CR,4538.47,UPI/8yi2kj8d00nx@paytm
17/07/2021,572237,1173.87,DR,3364.6,UPI/yjxiw1y55qjo@ybl/P2M/qnohrgkl@ptbyl/Airtel
17/07/2021,,1633.71,CR,4998.31,UPI/8ww03xzo6agh@okhdfc
17/07/2021,567025,394.14,DR,4604.17,UPI/h4r6v092xoav@oksbi/P2M/eak8ylyb@oksbi/Airtel
16/07/2021,,240.93,DR,4363.24,UPI/18clctknrysn@oksbi/P2M/5roaoxtc@oksbi/Airtel
16/07/2021,,1396.39,DR,2966.85,UPI/n0gidvt075s8@axl/P2M/aektadqf@ptbsi/AxisBank
16/07/2021,750669,4742.02,CR,7708.87,UPI/voyw0idwpn7q@ybl
16/07/2021,187238,617.18,CR,8326.05,UPI/t9vvr0cswqov@axl
16/07/2021,884550,857.99,DR,7468.06,UPI/el8zv9zja932@paytm/P2M/2ism9xgq@paytm/Paytm
16/07/2021,419750,710.07,DR,6757.99,UPI/uyy2t6l3x21e@ybl/P2M/uv2tvmvr@paytm/BigBazaar
16/07/2021,895887,1335.67,CR,8093.66,UPI/myt81p9zdcpy@ybl
16/07/2021,371587,97.71,DR,7995.95,UPI/bwzno6f7scxi@okaxis/P2M/2km9qmof@paytm/BigBazaar
16/07/2021,,1496.94,DR,6499.01,UPI/f4jcs41yj8rj@okaxis/P2M/24x4yx8l@paytm/BigBazaar
16/07/2021,,1142.51,DR,5356.5,UPI/cx50xlzj8k11@okhdfc/P2M/6iz0vyf8@paytm/Amazon
16/07/2021,898611,511.92,DR,4844.58,UPI/ilxvurzc0en2@oksbi/P2M/mi28002i@oksbi/Paytm
16/07/2021,241835,1234.93,DR,3609.65,UPI/7igox50hxadw@ybl/P2M/lfjbconk@ptbsi/AxisBank
15/07/2021,,71.29,DR,3538.36,UPI/jjb6irl5tyk4@oksbi/P2M/3o0v0kt1@oksbi/VENNA
15/07/2021,277820,426.09,DR,3112.27,UPI/wvfdn9r9vebs@okhdfc/P2M/vzvc7gae@ptbsi/Chala
15/07/2021,324491,2968.63,CR,6080.9,UPI/wtydrk7o95j8@ybl
15/07/2021,,388.03,DR,5692.87,UPI/a4ephyngjzmo@paytm/P2M/jmgcisxh@ptbsi/VENNA
15/07/2021,,963.46,DR,4729.41,UPI/uv798l6jvt84@oksbi/P2M/gtlvijxo@oksbi/Airtel
15/07/2021,,1154.87,DR,3574.54,UPI/7yotazy3ju89@ybl/P2M/3decwmg1@oksbi/Paytm
15/07/2021,,1331.32,CR,4905.86,UPI/8rlx83q8ttz1@axl
15/07/2021,,1405.03,DR,3500.83,UPI/rdod9q8gfme0@okhdfc/P2M/lw4tueft@paytm/Chala
15/07/2021,,1180.31,DR,2320.52,UPI/g7t9ae72ykgg@okhdfc/P2M/0t5hg131@paytm/Airtel
15/07/2021,,509.06,DR,1811.46,UPI/4u3p7e2v5sd9@paytm/P2M/oh2opght@ptbyl/Edara
15/07/2021,,364.76,DR,1446.7,UPI/qfxbtjkb8w1c@paytm/P2M/v45whabf@ptbsi/Flipkart
15/07/2021,278165,394.02,DR,1052.68,UPI/kykiaenvuz36@oksbi/P2M/ezrs56g9@ptbsi/AxisBank
14/07/2021,,950.15,DR,102.53,UPI/6vf2vya8xdzj@paytm/P2M/uxqlcjzc@paytm/Airtel
14/07/2021,,384.7,CR,487.23,UPI/ff1ok0yucelx@okhdfc
14/07/2021,,207.02,DR,280.21,UPI/vkvgvs8xn8m7@oksbi/P2M/oof4evod@ptbsi/Edara
14/07/2021,580850,1134.66,CR,1414.87,UPI/a642yu5056z2@paytm
13/07/2021,,1118.7,DR,296.17,UPI/mzg2edn67xf3@paytm/P2M/xmcc2opp@paytm/Edara
13/07/2021,,4397.82,CR,4693.99,UPI/b8ulhrlx6q4x@ybl
13/07/2021,547409,557.87,DR,4136.12,UPI/rws8yvra6jf5@ybl/P2M/gcdgwck3@oksbi/Flipkart
13/07/2021,,431.12,DR,3705.0,UPI/4zrqg97iud17@paytm/P2M/po1z1tky@oksbi/BigBazaar
12/07/2021,854969,116.05,DR,3588.95,UPI/6qlg7t9id9pi@paytm/P2M/xifjkoon@ptbyl/Flipkart
12/07/2021,137149,915.95,CR,4504.9,UPI/o9oyve87ilc0@okaxis
12/07/2021,,1246.79,DR,3258.11,UPI/jqwcdvyxry0b@okhdfc/P2M/apzenkvp@ptbsi/Paytm
12/07/2021,,327.05,DR,2931.06,UPI/lnoed6www4m5@oksbi/P2M/rfj00ksm@oksbi/Airtel
12/07/2021,,101.66,DR,2829.4,UPI/0d6cuegkgul6@okhdfc/P2M/0jxx5mb6@oksbi/Edara
12/07/2021,221362,3284.29,CR,6113.69,UPI/3b4bcaytdson@okaxis
12/07/2021,993514,918.93,DR,5194.76,UPI/vfsfllzuo33w@okhdfc/P2M/xkuldagr@oksbi/VENNA
12/07/2021,710630,1572.1,CR,6766.86,UPI/q3pq2glqmvxz@okhdfc
12/07/2021,122562,646.67,DR,6120.19,UPI/hv6wndj1u7s7@oksbi/P2M/qxatygtr@ptbyl/Amazon
12/07/2021,,1482.08,DR,4638.11,UPI/uj5839y07hjy@okhdfc/P2M/tpnpdqul@ptbsi/AxisBank
12/07/2021,525565,1185.76,DR,3452.35,UPI/3bym4dic2y6i@okhdfc/P2M/eunt9p4l@ptbyl/Chala
12/07/2021,,1401.4,DR,2050.95,UPI/z53cj8rmxuem@paytm/P2M/dlh1qh2m@oksbi/Flipkart
11/07/2021,,639.11,DR,1411.84,UPI/e70l2w07r2ne@okhdfc/P2M/sz0if6rz@oksbi/Airtel
11/07/2021,815629,411.34,DR,1000.5,UPI/96ro7b6rfi4v@okhdfc/P2M/mgnopyz1@ptbsi/Edara
11/07/2021,,4774.14,CR,5774.64,UPI/h8t74hal0n3t@ybl
11/07/2021,415707,1261.85,DR,4512.79,UPI/g0h1ww3hakq8@okaxis/P2M/cogh9kfp@paytm/BigBazaar
11/07/2021,388880,976.46,DR,3536.33,UPI/to93z0g9u6zl@okhdfc/P2M/zicwsw3s@paytm/AxisBank
11/07/2021,,2149.98,CR,5686.31,UPI/vubshvehxs03@paytm
11/07/2021,762080,1361.92,CR,7048.23,UPI/xps3f80rfft4@okhdfc
11/07/2021,,820.38,DR,6227.85,UPI/d2mr3jtmfsrm@ybl/P2M/vee6xl9n@ptbyl/Flipkart
11/07/2021,274798,552.8,DR,5675.05,UPI/gvzyyfsu20ku@ybl/P2M/m3s1fu0y@ptbyl/AxisBank
11/07/2021,999186,354.5,DR,5320.55,UPI/ec0bdi9jm47c@ybl/P2M/l4no69pv@oksbi/Chala
11/07/2021,458995,1027.26,DR,4293.29,UPI/oseb4yzagxmd@oksbi/P2M/2ndg41ly@paytm/AxisBank
11/07/2021,,878.38,DR,3414.91,UPI/9lrw19fsi6oi@ybl/P2M/gzqtu230@paytm/Flipkart
10/07/2021,,1145.9,CR,4560.81,UPI/s6sq9akunlgt@oksbi
10/07/2021,595870,939.97,DR,3620.84,UPI/chwy0l88co6t@okhdfc/P2M/lf5ioywv@ptbsi/Amazon
10/07/2021,643068,559.4,DR,3061.44,UPI/75wzm7zhd8va@okhdfc/P2M/26969qnp@paytm/Chala
10/07/2021,748311,608.95,DR,2452.49,UPI/j4dmw9h8catn@ybl/P2M/k7ua06nz@ptbsi/BigBazaar
10/07/2021,,1154.56,DR,1297.93,UPI/g4gdjelkzjj0@oksbi/P2M/crdyu7g2@paytm/Paytm
10/07/2021,,13.01,DR,1284.92,UPI/z6l2zwm5g1o8@oksbi/P2M/2kv3oms2@oksbi/Airtel
10/07/2021,,1177.36,CR,2462.28,UPI/m3zxwkkw6kef@oksbi
10/07/2021,,1082.01,DR,1380.27,UPI/nxxk16gh43ze@okhdfc/P2M/3cwo9blf@oksbi/Chala
10/07/2021,970595,628.52,DR,751.75,UPI/ixbxdfwmwbr8@paytm/P2M/t7j6fow0@oksbi/Edara
10/07/2021,,634.99,DR,116.76,UPI/tbstjlz787xw@ybl/P2M/9dzl1rhv@ptbsi/Chala
08/07/2021,543401,61.4,DR,55.36,UPI/u8jk7k2l0h79@ybl/P2M/i2zg7wrd@ptbyl/Edara
07/07/2021,,946.44,CR,1001.8,UPI/5qet4mv7yf7q@okhdfc
06/07/2021,,744.27,DR,257.53,UPI/jkkou3wesdra@ybl/P2M/pkx7w5ie@oksbi/Edara
06/07/2021,,807.83,CR,1065.36,UPI/xhjq7hawp2rz@axl
06/07/2021,,617.27,DR,448.09,UPI/spmqn5h46y2i@oksbi/P2M/ubvk4jte@ptbyl/AxisBank
06/07/2021,,108.65,DR,339.44,UPI/ppix5jsm20w3@okaxis/P2M/v9dutzzp@ptbyl/Amazon
05/07/2021,,259.57,DR,79.87,UPI/p0pb70476r4u@oksbi/P2M/g3ji58an@ptbsi/BigBazaar
05/07/2021,,10.07,DR,69.8,UPI/9ck0hv7qq9ne@ybl/P2M/obsq0g98@oksbi/Airtel
04/07/2021,103973,3612.31,CR,3682.11,UPI/3alpe1is0ilg@axl
04/07/2021,,908.85,DR,2773.26,UPI/hz4o4epcfydd@okaxis/P2M/ohxytozc@oksbi/Airtel
04/07/2021,,49.47,DR,2723.79,UPI/zd5woxs524yg@ybl/P2M/y7nctkke@ptbsi/Edara
04/07/2021,529406,714.67,DR,2009.12,UPI/er86uqil5na0@okaxis/P2M/zw7mbaa5@paytm/BigBazaar
04/07/2021,,964.52,DR,1044.6,UPI/y3r3sja173zt@paytm/P2M/fnvbmgor@ptbsi/VENNA
03/07/2021,,61.64,DR,982.96,UPI/7rhm21ewkxck@axl/P2M/vja6yxzq@oksbi/Paytm
03/07/2021,,876.17,DR,106.79,UPI/iyqyacwx6uu9@ybl/P2M/lvh2soi3@oksbi/Flipkart
03/07/2021,,4934.47,CR,5041.26,UPI/pm6fjqjemv8y@paytm
03/07/2021,,969.34,DR,4071.92,UPI/eahw4hvome80@okaxis/P2M/cyh5sxoz@paytm/Amazon
03/07/2021,686479,967.1,DR,3104.82,UPI/4vyq96jkmho6@okhdfc/P2M/skp47lja@ptbsi/AxisBank
03/07/2021,,794.03,DR,2310.79,UPI/a13a5ztff2xy@ybl/P2M/51uz1iyv@oksbi/VENNA
03/07/2021,,454.02,DR,1856.77,UPI/yeogx37fankb@oksbi/P2M/h4h0dl4k@paytm/Airtel
03/07/2021,781331,815.13,DR,1041.64,UPI/997bw6pvdrgn@axl/P2M/pki4dd8f@ptbsi/Paytm
02/07/2021,,237.04,DR,804.6,UPI/r7dw3rqdkweq@okaxis/P2M/jq29xl6l@paytm/BigBazaar
02/07/2021,424165,468.85,DR,335.75,UPI/axfvvl6bibhk@axl/P2M/0brav7hl@ptbsi/Flipkart
02/07/2021,,115.03,DR,220.72,UPI/tycbhbdyfn46@axl/P2M/3u2du2mi@oksbi/Paytm
02/07/2021,,209.42,DR,11.3,UPI/6xeddgbvynys@okaxis/P2M/321l57zt@oksbi/Paytm
01/07/2021,,3080.98,CR,3092.28,UPI/0ihnfe9ynu8c@axl
01/07/2021,101356,344.7,DR,2747.58,UPI/l93ti0virg3s@oksbi/P2M/txbut64l@oksbi/Airtel
01/07/2021,445702,2857.67,CR,5605.25,UPI/31c0c9hc3baq@paytm
01/07/2021,,1492.18,DR,4113.07,UPI/mm1m89swmx7j@ybl/P2M/3r64nlmh@ptbyl/Edara
01/07/2021,,1217.04,DR,2896.03,UPI/fc6qlhyrr5cx@okhdfc/P2M/i7jgbduw@ptbsi/Paytm
01/07/2021,,443.17,DR,2452.86,UPI/6t299uf1lj1o@axl/P2M/jqr2g8c0@paytm/Flipkart
30/06/2021,700202,1074.38,DR,1378.48,UPI/kt0zijef6efl@oksbi/P2M/l422edlb@ptbyl/Flipkart
30/06/2021,,44.92,DR,1333.56,UPI/vyfjtnwn0yyv@oksbi/P2M/iebj5rwg@ptbyl/Paytm
30/06/2021,560063,319.94,DR,1013.62,UPI/eqyzd0umyfrj@okhdfc/P2M/g986tdht@oksbi/VENNA
30/06/2021,,946.0,DR,67.62,UPI/ia0lrapaqzx9@okaxis/P2M/4zkpknkv@ptbyl/Airtel
30/06/2021,,4197.71,CR,4265.33,UPI/9il7ecldge8z@ybl
30/06/2021,710860,554.28,DR,3711.05,UPI/gypflsieei84@paytm/P2M/xmqg31fq@ptbsi/Amazon
30/06/2021,,1034.9,DR,2676.15,UPI/0culvn9ko0ph@ybl/P2M/f1b0dlvc@oksbi/BigBazaar
30/06/2021,293352,135.22,DR,2540.93,UPI/ov9z5bpjznyo@oksbi/P2M/3kuhp2y9@ptbsi/VENNA
30/06/2021,,21.65,DR,2519.28,UPI/yqvzwdmj4dvd@paytm/P2M/vnjawq5m@ptbsi/Airtel
29/06/2021,,208.03,DR,2311.25,UPI/zglafmyhblpu@oksbi/P2M/le61vdi5@ptbsi/Flipkart
29/06/2021,,1031.29,DR,1279.96,UPI/57inw3e13woo@okaxis/P2M/jszhwaf0@oksbi/Edara
29/06/2021,772780,1277.06,DR,2.9,UPI/ytb7edxwfh1g@paytm/P2M/xdfip4ha@ptbsi/Airtel
28/06/2021,,1740.46,CR,1743.36,UPI/38xk5v6z71vi@okhdfc
28/06/2021,398362,620.39,DR,1122.97,UPI/mu3dthfr3i44@okaxis/P2M/s3ley45r@paytm/Paytm
28/06/2021,548502,67.5,DR,1055.47,UPI/3tbfifgh8yg6@okaxis/P2M/x060tgjx@ptbsi/Chala
28/06/2021,,3333.32,CR,4388.79,UPI/boazmmnpfb3g@ybl
27/06/2021,,4066.14,CR,8454.93,UPI/ndj5oa4lynp2@okhdfc
27/06/2021,,144.85,DR,8310.08,UPI/atmy5chd7oco@okaxis/P2M/wd0yjqoe@paytm/Flipkart
27/06/2021,,1211.66,DR,7098.42,UPI/qi3d5hyp10z2@okaxis/P2M/nqw5xfvs@oksbi/Amazon
27/06/2021,,965.42,DR,6133.0,UPI/vprde1gj3zz5@ybl/P2M/7ijlb1ai@ptbsi/Airtel
27/06/2021,,1109.85,DR,5023.15,UPI/thl6f90fznrg@okhdfc/P2M/vh58m6q3@oksbi/Flipkart
27/06/2021,,569.85,DR,4453.3,UPI/e220xuhvlpw8@okaxis/P2M/9hj0cvr3@ptbyl/BigBazaar
27/06/2021,,609.49,DR,3843.81,UPI/ty46apmqvon7@okhdfc/P2M/8dxo40h4@oksbi/VENNA
27/06/2021,,1175.18,DR,2668.63,UPI/2b5qdqsueby8@okaxis/P2M/h5j9oayk@paytm/Amazon
27/06/2021,,3403.61,CR,6072.24,UPI/fwq9htpwtrsd@paytm
27/06/2021,,1069.36,DR,5002.88,UPI/1glwuyxmjlxz@oksbi/P2M/4z0p97zx@ptbsi/Amazon
27/06/2021,523737,230.84,DR,4772.04,UPI/jsugqcejsnq9@axl/P2M/v6y9oi1q@ptbsi/Paytm
26/06/2021,,1027.22,DR,3744.82,UPI/2oc2m49bdrij@axl/P2M/t9tav92a@ptbsi/VENNA
26/06/2021,365637,3604.82,CR,7349.64,UPI/e9fhzv52scz0@paytm
26/06/2021,861106,331.3,DR,7018.34,UPI/xk76hdkeq2z4@okhdfc/P2M/iknhtj28@ptbyl/Amazon
26/06/2021,,1383.03,DR,5635.31,UPI/ac8p6q3jl5jw@okaxis/P2M/kh2wof7w@paytm/Edara
26/06/2021,,266.98,DR,5368.33,UPI/dkfc81v9agp9@okaxis/P2M/42xrj4z6@ptbyl/VENNA
26/06/2021,,4546.47,CR,9914.8,UPI/sner740j3ts7@okaxis
26/06/2021,,436.83,CR,10351.63,UPI/bym6soecahsg@paytm
26/06/2021,,705.55,DR,9646.08,UPI/51gxf5jggmp4@okaxis/P2M/8rew0t8q@paytm/Edara
26/06/2021,,4931.88,CR,14577.96,UPI/sqlwa29pvuyu@okaxis
26/06/2021,861798,1476.47,DR,13101.49,UPI/0wurlumwz8tq@okaxis/P2M/ujaxoccs@paytm/Amazon
26/06/2021,683461,3695.23,CR,16796.72,UPI/zpr2c7fbx8o7@ybl
25/06/2021,,1165.95,DR,15630.77,UPI/tvihn4pdr76b@paytm/P2M/vkq0e1ku@ptbsi/Chala
25/06/2021,,724.42,DR,14906.35,UPI/kh8xlhrd25pv@okaxis/P2M/c7kki1vg@paytm/Edara
25/06/2021,,1202.42,DR,13703.93,UPI/5fs64vok9hnw@okhdfc/P2M/yu3wj5b5@paytm/Edara
25/06/2021,,1467.39,DR,12236.54,UPI/8ov56pgbo5u3@okhdfc/P2M/9o82kjm5@ptbsi/Airtel
25/06/2021,149562,505.34,DR,11731.2,UPI/t9sa5xkdiwdz@okaxis/P2M/8txn45j3@ptbsi/Chala
25/06/2021,580469,1351.91,DR,10379.29,UPI/wpdrdwvmo2cc@ybl/P2M/5t6p5lm2@paytm/Airtel
25/06/2021,331216,985.5,DR,9393.79,UPI/30294jdm3062@paytm/P2M/a4eyxevr@paytm/Amazon
25/06/2021,240712,1194.06,DR,8199.73,UPI/5ndy1zdq3mbh@okhdfc/P2M/9trsb03z@ptbsi/VENNA
25/06/2021,689492,984.82,DR,7214.91,UPI/azq6zkcvhqkg@okaxis/P2M/9czpy7hk@ptbsi/Airtel
25/06/2021,,4679.96,CR,11894.87,UPI/p1atjlkle30l@paytm
25/06/2021,,221.75,DR,11673.12,UPI/p0u9yh7rx6gp@oksbi/P2M/9sc3c1mq@paytm/VENNA
24/06/2021,236935,4477.8,CR,16150.92,UPI/0v2ovbqiklu7@okhdfc
24/06/2021,474196,1064.53,DR,15086.39,UPI/82tsu1u2tob5@okaxis/P2M/wzfi5x4q@paytm/Edara
24/06/2021,,833.19,DR,14253.2,UPI/ac9cso77tut0@paytm/P2M/lkghdki9@paytm/BigBazaar
24/06/2021,797814,487.79,DR,13765.41,UPI/wnzdizxbp1i2@oksbi/P2M/bomyz7ly@ptbyl/Edara
24/06/2021,852160,2055.2,CR,15820.61,UPI/66qvdn3c4hko@paytm
24/06/2021,,539.66,DR,15280.95,UPI/tzp1kwj2212h@ybl/P2M/nxdpiokg@ptbyl/BigBazaar
24/06/2021,,832.98,DR,14447.97,UPI/afo32vnn2ckq@ybl/P2M/0ff69ud1@ptbsi/Chala
24/06/2021,,1427.35,DR,13020.62,UPI/le3a5706nohz@okaxis/P2M/4lxccsbd@ptbyl/AxisBank
24/06/2021,892397,893.37,DR,12127.25,UPI/al8umsaxxvt6@okaxis/P2M/15zfs0wd@oksbi/AxisBank
24/06/2021,776878,443.87,DR,11683.38,UPI/5bxgnpl8nk8f@okhdfc/P2M/9ddmf1yq@oksbi/BigBazaar
24/06/2021,,992.53,DR,10690.85,UPI/ig7sld4fbvfa@okhdfc/P2M/7h9cdsol@paytm/Paytm
23/06/2021,491404,2877.08,CR,13567.93,UPI/rcaac0o0nrdg@axl
23/06/2021,,518.55,DR,13049.38,UPI/tpwmcgon6p9r@okhdfc/P2M/su8dr0tp@oksbi/Airtel
23/06/2021,929397,4355.03,CR,17404.41,UPI/ss2sga1fvye6@axl
23/06/2021,940157,1812.72,CR,19217.13,UPI/niws5o66si3f@okaxis
23/06/2021,,403.54,DR,18813.59,UPI/gr1pljhhf2j5@axl/P2M/4e9npcy3@paytm/VENNA
23/06/2021,761193,1137.69,DR,17675.9,UPI/gzilf3r5u4yi@ybl/P2M/1jlxmykq@ptbsi/Amazon
23/06/2021,,111.74,DR,17564.16,UPI/8310m4rae7qn@axl/P2M/595vbhtl@ptbsi/AxisBank
23/06/2021,496404,796.74,DR,16767.42,UPI/6tfixnb0rn1m@okaxis/P2M/i41mll8m@oksbi/Amazon
23/06/2021,,1477.2,DR,15290.22,UPI/ws48zvo63gso@ybl/P2M/cp3a2z0z@ptbyl/BigBazaar
23/06/2021,471902,17.6,DR,15272.62,UPI/urn90n7dd7ik@ybl/P2M/vuq86yw5@paytm/Airtel
23/06/2021,,1344.48,DR,13928.14,UPI/fwkr5lu2c7qu@okaxis/P2M/28p1qhzb@ptbyl/Chala
22/06/2021,716069,3085.62,CR,17013.76,UPI/hiwtd5jnkiid@oksbi
22/06/2021,395620,1380.7,DR,15633.06,UPI/likided378ml@ybl/P2M/dpkrpby1@paytm/Flipkart
22/06/2021,,1007.89,DR,14625.17,UPI/g0n33xrtoi3z@axl/P2M/woevqr01@paytm/BigBazaar
22/06/2021,,130.54,DR,14494.63,UPI/xfofxbhklqth@oksbi/P2M/d5vi2g4s@ptbsi/Flipkart
22/06/2021,,537.64,DR,13956.99,UPI/u1eks6bt4kio@ybl/P2M/vj3fn6bi@oksbi/Chala
22/06/2021,658407,2447.98,CR,16404.97,UPI/55zbsft4295y@okhdfc
22/06/2021,,54.87,DR,16350.1,UPI/eusmngg9jgv0@axl/P2M/khe172ge@paytm/Flipkart
22/06/2021,649872,931.54,DR,15418.56,UPI/1hjpe8cjrb7f@axl/P2M/4r1ucv7q@ptbsi/Amazon
22/06/2021,,462.69,DR,14955.87,UPI/15u9q0rojyic@okaxis/P2M/ah8g25nb@ptbyl/Paytm
22/06/2021,,95.61,DR,14860.26,UPI/dhij8fj9ofjm@okaxis/P2M/l67l8lo8@ptbyl/BigBazaar
22/06/2021,,542.87,DR,14317.39,UPI/wg2b7agsh9gg@paytm/P2M/ipco7wvn@paytm/Airtel
21/06/2021,,39.22,DR,14278.17,UPI/qh80cqhj9jmv@ybl/P2M/7eksxe9c@oksbi/BigBazaar
21/06/2021,,436.05,DR,13842.12,UPI/1ap4mwjzvs2e@okhdfc/P2M/gp7c0ali@ptbsi/Flipkart
21/06/2021,,566.8,DR,13275.32,UPI/sxwhwr3lzzcv@oksbi/P2M/tdsc5rqd@ptbyl/VENNA
21/06/2021,,794.98,DR,12480.34,UPI/fjns73w5mel4@okhdfc/P2M/kfde3u8p@paytm/Edara
21/06/2021,,109.95,DR,12370.39,UPI/3xqzhbkpfgfw@oksbi/P2M/mbwcpycu@ptbsi/Chala
21/06/2021,,446.95,CR,12817.34,UPI/inj1oyl9vnl1@paytm
21/06/2021,888694,4921.11,CR,17738.45,UPI/mglvdadegv2j@axl
21/06/2021,,586.56,DR,17151.89,UPI/rjovlcano0ya@axl/P2M/b84t1g8x@ptbsi/BigBazaar
21/06/2021,215148,1452.34,DR,15699.55,UPI/s3xnvncq70fr@oksbi/P2M/8lzsprlk@paytm/Amazon
21/06/2021,236734,1399.47,DR,14300.08,UPI/pha32bx1t0p3@oksbi/P2M/hs2ptpd2@ptbsi/Airtel
21/06/2021,770055,922.37,DR,13377.71,UPI/edsdoeiroh9h@oksbi/P2M/1h242yxs@oksbi/Amazon
20/06/2021,,163.94,DR,13213.77,UPI/klu79cbnbgr4@paytm/P2M/bi0p0mhr@paytm/Flipkart
20/06/2021,,351.86,DR,12861.91,UPI/pqigxa3r71xf@okhdfc/P2M/13yv5nhr@ptbyl/VENNA
20/06/2021,,1170.17,DR,11691.74,UPI/t7bku54zvhn4@paytm/P2M/vgscwyyz@paytm/Chala
20/06/2021,822339,1062.61,DR,10629.13,UPI/q7fzr6jzgn5o@okhdfc/P2M/zs9k09o3@ptbsi/Paytm
20/06/2021,575728,247.34,DR,10381.79,UPI/gqsu8qvsatc9@axl/P2M/mxg75bbp@oksbi/Airtel
20/06/2021,,1452.25,DR,8929.54,UPI/d27qgji8lju4@okhdfc/P2M/g9zf8jhm@oksbi/Paytm
20/06/2021,111560,1360.57,DR,7568.97,UPI/0lx3j9xtowyl@okhdfc/P2M/r7mzctlb@paytm/Flipkart
20/06/2021,405903,698.91,DR,6870.06,UPI/4g5l62br4shc@paytm/P2M/9yy0h5jm@ptbyl/Edara
20/06/2021,,734.94,DR,6135.12,UPI/j9prr1j8nw37@oksbi/P2M/0p0uwmwc@oksbi/Airtel
20/06/2021,716824,717.7,DR,5417.42,UPI/le6su5sis94d@okhdfc/P2M/31upozvq@ptbsi/Amazon
20/06/2021,,745.38,DR,4672.04,UPI/la3m02lnjpqi@okhdfc/P2M/f1phkrjt@paytm/Amazon
19/06/2021,,1404.97,DR,3267.07,UPI/wcayj87v151p@axl/P2M/b3l5ny7k@oksbi/VENNA
19/06/2021,969097,540.63,DR,2726.44,UPI/ggervgg4fc0l@okhdfc/P2M/9df66n5f@ptbyl/Edara
19/06/2021,613123,149.2,DR,2577.24,UPI/9pn47vwc4h9p@ybl/P2M/8vczz3s0@ptbyl/AxisBank
19/06/2021,693365,1016.24,DR,1561.0,UPI/vtpxjcix07hv@okaxis/P2M/1f0f7a2l@oksbi/Chala
19/06/2021,,33.13,DR,1527.87,UPI/x0b5s48mh8dd@axl/P2M/4xhul6zh@ptbyl/AxisBank
19/06/2021,362120,1431.67,DR,96.2,UPI/yau1itqfqpqd@okaxis/P2M/aq87qle5@paytm/AxisBank
19/06/2021,,14.16,DR,82.04,UPI/t1w6nwz0627t@paytm/P2M/dndh57ah@ptbsi/Paytm
18/06/2021,,3449.0,CR,3531.04,UPI/ijntgf9rnhmv@ybl
18/06/2021,,1313.56,DR,2217.48,UPI/10zu9y2zrs6i@ybl/P2M/h7uzdts0@paytm/Flipkart
18/06/2021,595561,407.62,DR,1809.86,UPI/92om6za9qt3x@okaxis/P2M/1zpqrjtf@ptbyl/BigBazaar
18/06/2021,,1963.29,CR,3773.15,UPI/rols0ejd5ml0@oksbi
18/06/2021,122593,335.35,DR,3437.8,UPI/8hjzi0j1ypep@okaxis/P2M/u3zefzce@ptbsi/Paytm
18/06/2021,,1046.87,DR,2390.93,UPI/51rtpage0ums@paytm/P2M/14rk0gnh@oksbi/Chala
18/06/2021,909348,467.8,DR,1923.13,UPI/qc66evnkvz3t@paytm/P2M/oousdxhr@ptbyl/Edara
18/06/2021,475347,1437.56,DR,485.57,UPI/dyml0t8x542t@oksbi/P2M/ilsoy3ew@oksbi/Amazon
17/06/2021,509378,476.6,DR,8.97,UPI/2ziue9efagil@axl/P2M/gjd9vgq3@oksbi/Edara
17/06/2021,817459,948.77,CR,957.74,UPI/z1yj2p37r49v@paytm
17/06/2021,,380.21,CR,1337.95,UPI/hw0fqpl86qv7@okaxis
17/06/2021,,794.88,DR,543.07,UPI/t9f5tx50q8dl@paytm/P2M/kmj5jxok@paytm/Amazon
17/06/2021,,818.7,CR,1361.77,UPI/cxxzr3mz9vxl@oksbi
17/06/2021,,429.91,DR,931.86,UPI/crk31c918bn0@okhdfc/P2M/drumjv4v@ptbyl/Chala
17/06/2021,,673.42,DR,258.44,UPI/uxhziv6n77ag@axl/P2M/przl0sj7@ptbyl/Chala
17/06/2021,,487.49,CR,745.93,UPI/80mksawek439@paytm
17/06/2021,188127,489.89,DR,256.04,UPI/62kt3ttm26ec@axl/P2M/wwlk4cch@ptbyl/Edara
16/06/2021,,30.8,DR,225.24,UPI/360q1ytpor6z@paytm/P2M/k67fkfok@ptbsi/AxisBank
16/06/2021,,145.12,DR,80.12,UPI/2r6ksfdb7jdj@ybl/P2M/v2nw17tw@ptbyl/Edara
16/06/2021,436900,1677.85,CR,1757.97,UPI/vem2u5qkst9j@ybl
16/06/2021,,1404.58,DR,353.39,UPI/rrl5iz05sn52@oksbi/P2M/sx56bs80@ptbsi/Edara
15/06/2021,,2472.62,CR,2826.01,UPI/hug8719rbtpu@axl
15/06/2021,,884.93,DR,1941.08,UPI/3frnj9lr3d9y@axl/P2M/rqnaalbl@oksbi/Amazon
15/06/2021,439050,1216.53,DR,724.55,UPI/l7yjhmzpos1c@okaxis/P2M/stqbdaos@paytm/Paytm
15/06/2021,506674,250.51,DR,474.04,UPI/di9b64jywwjq@okaxis/P2M/1eohqgou@paytm/AxisBank
15/06/2021,,25.55,DR,448.49,UPI/l1zj2r3zf9et@axl/P2M/m83ju50e@ptbyl/Chala
15/06/2021,877811,341.22,DR,107.27,UPI/84zxjjw3lcuy@paytm/P2M/d7h14ehl@oksbi/Amazon
14/06/2021,,2174.0,CR,2281.27,UPI/0ucahqgwtoxl@okaxis
14/06/2021,722949,2022.19,CR,4303.46,UPI/wtgjyhpyijeo@axl
14/06/2021,432425,45.24,DR,4258.22,UPI/udqg0a42xbzp@axl/P2M/yeh5rrly@ptbyl/Chala
14/06/2021,,417.68,DR,3840.54,UPI/thj5rfrk7hsj@oksbi/P2M/75xeojgw@ptbsi/Paytm
14/06/2021,,3739.44,CR,7579.98,UPI/fiy8ohx3qu21@okaxis
14/06/2021,,573.31,DR,7006.67,UPI/yzza1ij957va@okaxis/P2M/hxv6l2th@ptbsi/AxisBank
13/06/2021,427772,716.4,DR,6290.27,UPI/1lq6czl1vsdg@paytm/P2M/xz4m6gr6@ptbsi/Edara
13/06/2021,,162.57,DR,6127.7,UPI/4co93njbwj90@axl/P2M/17myx1fa@ptbsi/AxisBank
13/06/2021,,1049.4,DR,5078.3,UPI/4unujr74248v@paytm/P2M/m1ilzz2b@ptbsi/AxisBank
13/06/2021,134736,964.64,CR,6042.94,UPI/75jmh156g8ov@okhdfc
13/06/2021,,66.15,DR,5976.79,UPI/9rg8msoamxgv@okhdfc/P2M/usrdoseg@ptbsi/BigBazaar
13/06/2021,,331.66,DR,5645.13,UPI/tj2fx10jkn47@oksbi/P2M/vui3cw1f@paytm/BigBazaar
13/06/2021,971592,142.32,DR,5502.81,UPI/98ks93ug1v7c@okaxis/P2M/wsc525xx@paytm/Amazon
13/06/2021,,156.92,DR,5345.89,UPI/npqhk7ml0v7k@paytm/P2M/ici06v8v@oksbi/Airtel
13/06/2021,976643,901.2,DR,4444.69,UPI/2hjxv526qc9k@paytm/P2M/gf6tghvx@ptbsi/Edara
13/06/2021,,2116.27,CR,6560.96,UPI/j0mciwhqogq3@okhdfc
13/06/2021,,1498.87,DR,5062.09,UPI/6ar4kijndfec@okaxis/P2M/ec62i8yj@oksbi/Airtel
12/06/2021,,301.86,DR,4760.23,UPI/xrbo4epq10eo@okhdfc/P2M/bauemow2@paytm/Amazon
12/06/2021,,170.74,DR,4589.49,UPI/nltgx1cghyk6@ybl/P2M/9fb4oeoj@paytm/Amazon
12/06/2021,965699,1173.29,DR,3416.2,UPI/41v6fkvdyjnc@oksbi/P2M/pmyeytbw@ptbyl/Paytm
12/06/2021,,784.98,DR,2631.22,UPI/jqh27shs94zq@okaxis/P2M/ma1he5i2@oksbi/Edara
12/06/2021,,519.44,DR,2111.78,UPI/k35dymyftm2p@axl/P2M/kxxcrygv@oksbi/Paytm
12/06/2021,,865.46,DR,1246.32,UPI/ywk039gm5ty6@ybl/P2M/ig0gdoz5@paytm/Chala
12/06/2021,,245.19,DR,1001.13,UPI/pcr6p1byopyl@okaxis/P2M/gsbydpau@ptbsi/Edara
12/06/2021,637133,4744.84,CR,5745.97,UPI/e1p1bvxu4cqw@okhdfc
12/06/2021,,735.56,CR,6481.53,UPI/9udmj23xuu9w@okhdfc
12/06/2021,,1493.08,DR,4988.45,UPI/z3908tztbg4m@axl/P2M/ycwc6kt7@paytm/BigBazaar
11/06/2021,140278,1037.83,DR,3950.62,UPI/jt9r4jys6ro6@ybl/P2M/ui4igvf6@oksbi/Paytm
11/06/2021,130943,622.4,DR,3328.22,UPI/u8seeggp7x7s@paytm/P2M/yt1zfy5k@ptbyl/Amazon
11/06/2021,409643,93.66,DR,3234.56,UPI/la6blxkuzktm@axl/P2M/281p9tud@ptbsi/Airtel
11/06/2021,,995.17,DR,2239.39,UPI/c3few6dh77i4@paytm/P2M/s3ked7d5@ptbsi/Amazon
11/06/2021,,1139.66,DR,1099.73,UPI/odcuwxvz17zm@axl/P2M/ab6ipuxp@ptbyl/Flipkart
11/06/2021,,1037.02,DR,62.71,UPI/tokwxwwwh60i@ybl/P2M/bflqevmq@ptbyl/Paytm
10/06/2021,742808,643.78,CR,706.49,UPI/5ijkxujne7zd@paytm
10/06/2021,,464.41,DR,242.08,UPI/zzf99581i48j@oksbi/P2M/zdwamfi5@paytm/Chala
09/06/2021,256802,224.1,DR,17.98,UPI/m1r9v7g3ale3@paytm/P2M/jukhbw1x@oksbi/Paytm
09/06/2021,948058,3992.09,CR,4010.07,UPI/at1itmqtgsfr@okaxis
09/06/2021,,725.89,CR,4735.96,UPI/d93p1tcpmbc6@ybl
09/06/2021,,102.87,DR,4633.09,UPI/67h366cy9z99@ybl/P2M/00r5srxu@ptbsi/Chala
09/06/2021,,959.21,DR,3673.88,UPI/7b87vduwt8v2@okaxis/P2M/yhf8czbb@paytm/AxisBank
09/06/2021,629703,1169.3,DR,2504.58,UPI/2tom15kkm0gi@okaxis/P2M/4lj0opfo@ptbyl/Amazon
08/06/2021,,1269.05,DR,1235.53,UPI/4qxe5u5o3xlc@oksbi/P2M/zlkzid2f@oksbi/Edara
08/06/2021,608874,1219.24,DR,16.29,UPI/mch3pj4yvv41@oksbi/P2M/6seuryss@oksbi/Chala
08/06/2021,,4823.96,CR,4840.25,UPI/bq36ysavf72h@okhdfc
08/06/2021,494693,3186.86,CR,8027.11,UPI/7fipsrtsra1a@oksbi
08/06/2021,,1345.89,DR,6681.22,UPI/jxxf2a001s82@ybl/P2M/xz8kgov1@ptbsi/Edara
08/06/2021,,708.59,DR,5972.63,UPI/ynorvfgvi7tm@paytm/P2M/s59alkaq@oksbi/AxisBank
08/06/2021,,241.83,DR,5730.8,UPI/n0x5f0aqqflu@paytm/P2M/7iqd7avt@oksbi/Edara
08/06/2021,,447.67,DR,5283.13,UPI/lp59iot3u4n1@oksbi/P2M/l0fe8hf6@ptbsi/Edara
08/06/2021,139284,294.54,CR,5577.67,UPI/4f4w9bpqg7t7@paytm
08/06/2021,558859,334.21,DR,5243.46,UPI/8nuhaijqkz10@okaxis/P2M/kg1w93f5@ptbsi/VENNA
08/06/2021,384831,197.71,CR,5441.17,UPI/skwhfvgv4l4e@oksbi
07/06/2021,876672,4155.97,CR,9597.14,UPI/d9hjilrzbuah@okhdfc
07/06/2021,,1487.84,CR,11084.98,UPI/u1drk7ecqsxm@axl
07/06/2021,468580,738.97,DR,10346.01,UPI/1wth34d8u22q@okhdfc/P2M/lyelml7w@oksbi/BigBazaar
07/06/2021,,603.53,DR,9742.48,UPI/hv994snr1dd4@okaxis/P2M/89fqhikt@paytm/BigBazaar
07/06/2021,728071,764.67,DR,8977.81,UPI/6zig2bm9zxgw@ybl/P2M/ziocp1fn@oksbi/BigBazaar
07/06/2021,691385,489.13,DR,8488.68,UPI/0kga1mxpfti1@axl/P2M/wf8ggy68@oksbi/Amazon
07/06/2021,,681.52,DR,7807.16,UPI/manwwxo6j794@okhdfc/P2M/nx4ml6p2@paytm/BigBazaar
07/06/2021,,970.96,DR,6836.2,UPI/t1blqr3mqogv@ybl/P2M/ys3au488@ptbsi/Amazon
07/06/2021,,1141.68,DR,5694.52,UPI/kss3sggp0yu1@ybl/P2M/k48h6hdr@oksbi/AxisBank
07/06/2021,697398,810.09,DR,4884.43,UPI/lgigkyr2ftxn@oksbi/P2M/t13x4ybq@ptbsi/VENNA
07/06/2021,626259,4999.42,CR,9883.85,UPI/w0tdrq0k0wvj@axl
06/06/2021,949355,1203.44,DR,8680.41,UPI/gbx0jghyn1jc@axl/P2M/5o1y7m32@oksbi/Paytm
06/06/2021,330925,212.36,DR,8468.05,UPI/txo1h0dhp7rk@ybl/P2M/a49nj0jt@ptbyl/Paytm
06/06/2021,277828,61.08,DR,8406.97,UPI/47e4m0l0wxat@axl/P2M/prs56rlk@ptbyl/Airtel
06/06/2021,953326,49.22,DR,8357.75,UPI/kdua6vhk7b2i@okaxis/P2M/9ruulb28@oksbi/Flipkart
06/06/2021,997168,1334.46,DR,7023.29,UPI/iu9pmhfjj5rj@ybl/P2M/mv1lq2wl@oksbi/AxisBank
06/06/2021,,3118.85,CR,10142.14,UPI/1lap5zuewila@oksbi
06/06/2021,,815.01,DR,9327.13,UPI/clxhtw6d7144@ybl/P2M/n77lzqn5@ptbsi/Chala
06/06/2021,464723,1919.64,CR,11246.77,UPI/62cg4tc7quw4@axl
06/06/2021,114511,509.38,DR,10737.39,UPI/y2xg72hnthmu@paytm/P2M/s9qb4hox@ptbsi/VENNA
06/06/2021,,1252.84,DR,9484.55,UPI/16fru6ojbvz5@oksbi/P2M/ga9qex2d@ptbyl/Chala
06/06/2021,931348,1029.57,DR,8454.98,UPI/xso7hym8mc7q@axl/P2M/h15geqav@oksbi/Edara
05/06/2021,,1443.39,DR,7011.59,UPI/wk3h2waqtds4@paytm/P2M/vsr1mkff@oksbi/VENNA
05/06/2021,,1440.19,DR,5571.4,UPI/1gpjg4twgmz9@ybl/P2M/1463l0xc@paytm/BigBazaar
05/06/2021,,816.45,DR,4754.95,UPI/xcm78cicg2ua@okhdfc/P2M/uvoyi295@ptbsi/Paytm
05/06/2021,,2943.93,CR,7698.88,UPI/5t5ydkq6q7fg@paytm
05/06/2021,,1157.93,DR,6540.95,UPI/hjnqut0fjwph@ybl/P2M/61m8rl12@ptbsi/Paytm
05/06/2021,,1234.79,DR,5306.16,UPI/whd6lpdoz7hx@paytm/P2M/yae6h59x@ptbsi/BigBazaar
05/06/2021,133908,829.27,DR,4476.89,UPI/6415os8ikhyl@oksbi/P2M/naogfhwb@oksbi/BigBazaar
05/06/2021,999648,720.51,DR,3756.38,UPI/ic3d5u8d0ofa@okhdfc/P2M/mlcpvikl@paytm/Edara
05/06/2021,506615,1126.17,CR,4882.55,UPI/9h1wdpg3yk48@paytm
05/06/2021,,1372.69,DR,3509.86,UPI/elurb7aflynt@paytm/P2M/rz9ltwbw@paytm/VENNA
05/06/2021,,182.38,DR,3327.48,UPI/fso63r4ay7kx@okaxis/P2M/gucxd6vy@ptbsi/Chala
04/06/2021,839776,1432.47,DR,1895.01,UPI/o7w5qd4fryu5@okhdfc/P2M/00vt2t9v@oksbi/BigBazaar
04/06/2021,,401.05,DR,1493.96,UPI/y7fs2e0yn137@paytm/P2M/3qtzhlwc@ptbyl/AxisBank
04/06/2021,,1211.89,DR,282.07,UPI/lseadqkb4ycc@paytm/P2M/hf38aov1@oksbi/Chala
04/06/2021,,211.41,DR,70.66,UPI/ogq6x6vbi6yh@okhdfc/P2M/zeiu74ow@ptbsi/Paytm
03/06/2021,,4443.84,CR,4514.5,UPI/61gdabsezcbr@okhdfc
03/06/2021,,1082.54,DR,3431.96,UPI/3t140jruaf93@paytm/P2M/0b0n8db7@paytm/AxisBank
03/06/2021,290849,782.56,DR,2649.4,UPI/6oehcy634nwn@oksbi/P2M/x7u3300r@paytm/Airtel
03/06/2021,,1300.8,DR,1348.6,UPI/01fk006ywo8v@axl/P2M/eb8s3xlr@ptbsi/Paytm
03/06/2021,,430.29,DR,918.31,UPI/yzp208zr7igj@axl/P2M/wcwhtk1i@ptbsi/Flipkart
03/06/2021,712903,391.06,DR,527.25,UPI/0jcelm433f03@ybl/P2M/4drq2w0g@oksbi/Chala
02/06/2021,457290,4495.53,CR,5022.78,UPI/llhy7z6zqfrz@okhdfc
02/06/2021,,490.62,DR,4532.16,UPI/2lgw76tlzswo@okaxis/P2M/kgrlgc0n@oksbi/VENNA
02/06/2021,,424.41,DR,4107.75,UPI/obkcrzsa83pm@okaxis/P2M/jkre22uo@paytm/AxisBank
02/06/2021,,1431.06,DR,2676.69,UPI/xdq4it8d7c1q@paytm/P2M/5fhkusta@paytm/Flipkart
02/06/2021,,1229.04,DR,1447.65,UPI/lxzxk93eyb3v@ybl/P2M/cxikj4oh@ptbyl/Edara
02/06/2021,455619,395.53,DR,1052.12,UPI/xxuju77r8ch6@oksbi/P2M/kd3ljjhg@ptbsi/Chala
02/06/2021,417274,781.53,DR,270.59,UPI/8j1wuea3omve@axl/P2M/so18eve3@ptbyl/Edara
01/06/2021,370886,4247.81,CR,4518.4,UPI/jmepnjhd9og1@axl
01/06/2021,,521.56,DR,3996.84,UPI/zayua4d19zlz@paytm/P2M/bc2z2kp7@ptbyl/Amazon
01/06/2021,232646,1291.46,DR,2705.38,UPI/3hcik12v423d@axl/P2M/pe9lja9f@paytm/Airtel
01/06/2021,507605,931.05,DR,1774.33,UPI/9kdkuob8m2g9@oksbi/P2M/adv3cevq@ptbsi/Flipkart
01/06/2021,,788.35,CR,2562.68,UPI/j4fxfs9jbnq1@okhdfc
01/06/2021,,979.44,DR,1583.24,UPI/pi3zgs7prbx6@okhdfc/P2M/gy05wuya@paytm/Chala
