Date,Instrument ID,Amount,Type,Balance,Remarks
31/05/2023,,1070.08,DR,375.04,UPI/xea68kt1f5me@okhdfc/P2M/63gjalcv@ptbsi/Chala
31/05/2023,420313,70.63,DR,304.41,UPI/ubfgqyvwcdn8@ybl/P2M/qeev1gb9@ptbyl/Airtel
31/05/2023,879251,3273.63,CR,3578.04,UPI/523nsttyb1cq@okaxis
31/05/2023,,1320.89,DR,2257.15,UPI/13p8grct9z3p@axl/P2M/0y9df5a9@oksbi/Amazon
31/05/2023,976889,1311.19,DR,945.96,UPI/5c66ycic1q3f@ybl/P2M/b6ds0dg8@oksbi/BigBazaar
31/05/2023,,499.69,DR,446.27,UPI/vave93jub785@ybl/P2M/3ih37ocb@ptbyl/BigBazaar
30/05/2023,,3776.1,CR,4222.37,UPI/78muawzub0n3@ybl
30/05/2023,,83.45,DR,4138.92,UPI/fjwewfzt5vpr@axl/P2M/wdwgpo4x@ptbsi/BigBazaar
30/05/2023,596040,1045.68,DR,3093.24,UPI/0fwjwpl27zxo@axl/P2M/0dyifnia@ptbyl/Chala
30/05/2023,109768,1481.28,DR,1611.96,UPI/rhc33t5i0nbv@paytm/P2M/haqhqo6d@oksbi/Edara
30/05/2023,,2093.87,CR,3705.83,UPI/bp5xgail80kq@ybl
30/05/2023,,417.73,DR,3288.1,UPI/sv2ojg7er1jp@axl/P2M/djqf6xdm@paytm/Edara
30/05/2023,,533.21,DR,2754.89,UPI/qzx76klzxyke@ybl/P2M/iga30y9p@ptbyl/Airtel
30/05/2023,,726.04,DR,2028.85,UPI/x79kyfzyvqq6@paytm/P2M/ajcl2rm0@oksbi/Paytm
30/05/2023,,963.46,DR,1065.39,UPI/eduqc788gx9b@okaxis/P2M/0g4e764k@oksbi/BigBazaar
30/05/2023,,1746.81,CR,2812.2,UPI/t2fbqui3ugye@okhdfc
29/05/2023,,762.69,DR,2049.51,UPI/4fh7xq0riw6z@oksbi/P2M/jup61ah4@paytm/Flipkart
29/05/2023,918152,165.47,DR,1884.04,UPI/dklyh05c6wck@axl/P2M/m1702p4v@paytm/Airtel
29/05/2023,835739,1776.82,CR,3660.86,UPI/ap1ydhdmaw59@paytm
29/05/2023,,698.24,DR,2962.62,UPI/n7kqvhwhu8bl@oksbi/P2M/8wi8sq51@paytm/AxisBank
29/05/2023,725534,1189.66,DR,1772.96,UPI/oxmsc2tidd8c@oksbi/P2M/fvvel4em@oksbi/Paytm
29/05/2023,,411.63,DR,1361.33,UPI/l91d8kl5ntf8@ybl/P2M/jacwiyrp@ptbyl/Chala
29/05/2023,,3657.69,CR,5019.02,UPI/80zc3hm99dxg@axl
29/05/2023,781105,1297.89,DR,3721.13,UPI/175e45jr8f06@axl/P2M/ffp8strg@ptbsi/Airtel
29/05/2023,471039,1254.57,DR,2466.56,UPI/fohvgzysq9nu@axl/P2M/hq61vfmo@oksbi/Edara
29/05/2023,,427.75,DR,2038.81,UPI/d5m8xm8bg4y8@paytm/P2M/6w6yt8h3@oksbi/AxisBank
29/05/2023,,952.84,DR,1085.97,UPI/txxwl04cthea@okhdfc/P2M/782eqqyd@ptbyl/Edara
29/05/2023,,193.87,DR,892.1,UPI/ymocnx2m1tmy@axl/P2M/4bz16cbm@paytm/VENNA
28/05/2023,366908,3375.81,CR,4267.91,UPI/6wq01vc4t0j9@okhdfc
28/05/2023,183627,835.42,DR,3432.49,UPI/gc9qksoal6iz@okhdfc/P2M/7cr3bgrk@oksbi/Chala
28/05/2023,,212.09,DR,3220.4,UPI/74fjiu4hbsmo@paytm/P2M/xzbjgntt@paytm/VENNA
28/05/2023,,900.76,DR,2319.64,UPI/26lrtctkk36r@paytm/P2M/fyzrr0hq@oksbi/Paytm
28/05/2023,526354,1306.99,DR,1012.65,UPI/7wih2pl48roz@axl/P2M/vt5w4yyr@ptbsi/Edara
28/05/2023,555480,651.3,DR,361.35,UPI/v3yxmfhmy853@ybl/P2M/qy661d9v@ptbsi/Paytm
28/05/2023,,32.91,DR,328.44,UPI/h219wd9u7a5z@okhdfc/P2M/bstemqys@oksbi/VENNA
27/05/2023,432024,298.75,DR,29.69,UPI/9eujsjr7gz0j@oksbi/P2M/fs43rvvj@ptbsi/Edara
27/05/2023,,4156.66,CR,4186.35,UPI/zxj9zt3iqcot@oksbi
27/05/2023,,164.42,DR,4021.93,UPI/fiol4np460rc@okaxis/P2M/hdmy9oss@oksbi/Edara
27/05/2023,686761,908.98,DR,3112.95,UPI/yy1e94znenlb@ybl/P2M/luhpdtgr@oksbi/Flipkart
27/05/2023,,572.89,DR,2540.06,UPI/suacbna1mi6g@paytm/P2M/jt2dijv1@ptbyl/Chala
27/05/2023,872890,1393.58,DR,1146.48,UPI/z9vayczw86xd@paytm/P2M/816n11pr@paytm/Paytm
27/05/2023,,369.78,DR,776.7,UPI/x91fkavgeis5@oksbi/P2M/lxr18yl3@oksbi/Flipkart
27/05/2023,,764.14,DR,12.56,UPI/lznuoy1ybzrt@okhdfc/P2M/xsnqwep1@paytm/Edara
27/05/2023,366850,2068.1,CR,2080.66,UPI/r42wb7ziaadt@okaxis
27/05/2023,,956.0,DR,1124.66,UPI/9167kjh0hp1x@paytm/P2M/x59ct35y@ptbsi/Amazon
27/05/2023,776902,4032.48,CR,5157.14,UPI/tggo26vb1c7a@okhdfc
26/05/2023,,3842.89,CR,9000.03,UPI/c7buvm79m06j@okaxis
26/05/2023,888948,906.05,DR,8093.98,UPI/unj6ust3rifn@paytm/P2M/8pxtsy29@oksbi/VENNA
26/05/2023,,782.58,DR,7311.4,UPI/6onm9f4a72ei@paytm/P2M/rkuc73pb@ptbyl/VENNA
26/05/2023,,160.64,DR,7150.76,UPI/x40ayvkkzaky@oksbi/P2M/ptwdp5ci@ptbyl/BigBazaar
26/05/2023,,816.09,DR,6334.67,UPI/akis83n8oxqt@okaxis/P2M/m1vxyjh1@paytm/Airtel
26/05/2023,,1499.69,DR,4834.98,UPI/3c0xu6pafcyr@paytm/P2M/cyr9o1qx@oksbi/Paytm
26/05/2023,371124,789.86,DR,4045.12,UPI/z7z9z4pxpg0q@paytm/P2M/jd8oryxh@ptbsi/AxisBank
26/05/2023,182376,2052.47,CR,6097.59,UPI/jd71990i0tyo@okhdfc
26/05/2023,,209.21,DR,5888.38,UPI/11ovpht057qi@okhdfc/P2M/2jc0u1ge@paytm/AxisBank
26/05/2023,332673,365.11,DR,5523.27,UPI/kdy0n9laydsg@okhdfc/P2M/zb9c7a5g@ptbsi/Amazon
26/05/2023,348813,1412.58,DR,4110.69,UPI/9cm42wtr4xgj@okhdfc/P2M/3xomziu3@ptbsi/Flipkart
26/05/2023,672281,194.02,DR,3916.67,UPI/zhlrtxky12tv@oksbi/P2M/82m7fu3s@oksbi/Edara
25/05/2023,,745.54,DR,3171.13,UPI/eltxk6nta5bu@okaxis/P2M/yyqx30ti@ptbyl/Airtel
25/05/2023,,260.8,DR,2910.33,UPI/j18woij4x9c6@okaxis/P2M/q7hz64re@ptbsi/Edara
25/05/2023,912611,799.09,DR,2111.24,UPI/nkkfqogbl3iq@okaxis/P2M/u0ggr1ld@ptbsi/VENNA
25/05/2023,,822.53,DR,1288.71,UPI/m6llcimxmqrj@oksbi/P2M/5vf9pk39@ptbyl/Paytm
25/05/2023,,138.62,DR,1150.09,UPI/4u1ifmrnpq1r@ybl/P2M/z0kzg9pw@ptbsi/Airtel
25/05/2023,,631.49,DR,518.6,UPI/e59wfmj7szbn@ybl/P2M/kmu9wm98@ptbyl/AxisBank
25/05/2023,,230.59,DR,288.01,UPI/lzwb4skju43q@okaxis/P2M/rf7shu0f@paytm/VENNA
25/05/2023,,71.0,DR,217.01,UPI/n8qocqsz5hvx@okaxis/P2M/87f2r0ks@paytm/Paytm
25/05/2023,,127.17,DR,89.84,UPI/gf5n0uqn78vq@paytm/P2M/zsw5f8np@ptbsi/Amazon
24/05/2023,,15.03,DR,74.81,UPI/mhte2ipgp3fj@okaxis/P2M/n1a8bwdm@ptbsi/Amazon
24/05/2023,157508,312.36,CR,387.17,UPI/7a801svu0apo@okaxis
23/05/2023,361269,245.45,DR,141.72,UPI/xh3cu6593ugl@paytm/P2M/0y2m8qz7@ptbyl/Paytm
23/05/2023,,67.08,DR,74.64,UPI/vrdxc7yxe061@okaxis/P2M/8c6nkuem@paytm/Flipkart
23/05/2023,801936,1494.46,CR,1569.1,UPI/g0z0jq9jmygk@paytm
22/05/2023,151776,1474.72,DR,94.38,UPI/32ip0b7gkv6i@okaxis/P2M/57o7d0qu@oksbi/Paytm
22/05/2023,,3359.32,CR,3453.7,UPI/v5gmm41fgwuo@oksbi
22/05/2023,,250.56,DR,3203.14,UPI/tj5p8n8z4x9e@ybl/P2M/6wlxodjo@ptbsi/Chala
22/05/2023,,2762.16,CR,5965.3,UPI/ohlulrie0aqd@axl
22/05/2023,173270,107.19,DR,5858.11,UPI/6m1aefj8xmdy@okhdfc/P2M/odpa1bej@ptbsi/Paytm
22/05/2023,910965,153.44,DR,5704.67,UPI/fewvd02zofqu@okaxis/P2M/xypv4dct@oksbi/AxisBank
22/05/2023,,728.58,DR,4976.09,UPI/4dxb6qildbw9@paytm/P2M/k0ga3f2w@oksbi/Paytm
22/05/2023,,966.14,DR,4009.95,UPI/d42lc3tb2ogb@axl/P2M/pamua9qa@ptbsi/Flipkart
22/05/2023,201564,685.61,DR,3324.34,UPI/z90u5w2omp1l@axl/P2M/2gobtrk4@ptbyl/VENNA
21/05/2023,125117,295.81,DR,3028.53,UPI/7g383ihzi512@ybl/P2M/noqqyy9g@ptbyl/Airtel
21/05/2023,,1169.02,DR,1859.51,UPI/xxxl3tg6jkxw@paytm/P2M/srhish1e@ptbyl/Paytm
21/05/2023,850153,551.86,DR,1307.65,UPI/sfmgmgvqy5wr@okaxis/P2M/hkt9d53v@oksbi/Amazon
21/05/2023,,712.99,DR,594.66,UPI/7sbc2cdhdvnu@ybl/P2M/ql031pdx@paytm/Chala
21/05/2023,,229.55,DR,365.11,UPI/xlrwojgvzhtc@paytm/P2M/56qhs7qz@ptbsi/AxisBank
21/05/2023,,2612.62,CR,2977.73,UPI/o3yuhz3y9i8m@oksbi
21/05/2023,,453.13,DR,2524.6,UPI/g8m9kawtq6gl@paytm/P2M/85bxhp2g@oksbi/Flipkart
21/05/2023,,494.94,DR,2029.66,UPI/3nuntnkku7f5@axl/P2M/a7n0kj13@oksbi/Flipkart
20/05/2023,,1141.38,DR,888.28,UPI/el9ecvodjthx@okaxis/P2M/sr9338at@ptbyl/AxisBank
20/05/2023,,77.3,DR,810.98,UPI/nbyi1uhq6zwv@ybl/P2M/w2ylewp3@paytm/Edara
20/05/2023,,441.3,DR,369.68,UPI/cqea79qvnpcs@okhdfc/P2M/wudrzi4u@oksbi/VENNA
20/05/2023,194443,3810.82,CR,4180.5,UPI/1zc5z19gt7ra@paytm
20/05/2023,,1171.09,CR,5351.59,UPI/8rn4o65b01y9@paytm
20/05/2023,,109.61,DR,5241.98,UPI/3w1nxjql7qgg@paytm/P2M/19k0m15e@paytm/Flipkart
20/05/2023,169683,321.54,DR,4920.44,UPI/ynvdox532fdp@ybl/P2M/cskor7je@ptbyl/Airtel
20/05/2023,,664.81,DR,4255.63,UPI/qwem8vu1if25@ybl/P2M/dhpj58rv@paytm/Chala
19/05/2023,,1380.69,DR,2874.94,UPI/i8w7r2bj5u9h@axl/P2M/zsaktgdd@ptbsi/Edara
19/05/2023,247865,215.16,DR,2659.78,UPI/mgz0dz1ypsjj@axl/P2M/1gnm87xx@oksbi/BigBazaar
19/05/2023,,452.68,DR,2207.1,UPI/epaappj5v835@okhdfc/P2M/fodbz6vm@ptbyl/Airtel
19/05/2023,,986.91,DR,1220.19,UPI/lgiqbean7iyz@oksbi/P2M/23z5g6hl@ptbyl/Paytm
19/05/2023,,309.93,DR,910.26,UPI/y29isv00q29o@paytm/P2M/ldbz7ijv@ptbsi/Edara
19/05/2023,,806.35,DR,103.91,UPI/g2o76yo2z05a@ybl/P2M/6df9nsrr@ptbsi/Chala
19/05/2023,,1671.4,CR,1775.31,UPI/r11iu9qhjeuc@oksbi
18/05/2023,,66.41,DR,1708.9,UPI/t9819hf6jqja@ybl/P2M/un9vlfn4@paytm/Flipkart
18/05/2023,464350,565.67,DR,1143.23,UPI/bb99760pebc6@okaxis/P2M/x9dfew8o@ptbyl/Paytm
18/05/2023,,34.98,DR,1108.25,UPI/0k90vzsawpde@okhdfc/P2M/ceaiy6f5@ptbsi/AxisBank
18/05/2023,,1096.11,DR,12.14,UPI/vhfnjg9ziygy@okhdfc/P2M/yfwa869m@paytm/Amazon
18/05/2023,,680.02,CR,692.16,UPI/y8tokf3vzd5k@okaxis
17/05/2023,,443.79,DR,248.37,UPI/2z9fmzq6vaa0@axl/P2M/kyqaav15@paytm/Flipkart
17/05/2023,510318,245.74,DR,2.63,UPI/camledvhsc1d@paytm/P2M/pseawj4o@paytm/Amazon
17/05/2023,,1151.2,CR,1153.83,UPI/c0m4whf3vz8m@axl
17/05/2023,957866,19.99,DR,1133.84,UPI/97kcbu092y8m@axl/P2M/6aix71h6@paytm/AxisBank
17/05/2023,,569.41,DR,564.43,UPI/t1p5hkt2qnew@okaxis/P2M/sdzf0hij@ptbsi/AxisBank
17/05/2023,,4000.12,CR,4564.55,UPI/zwel7tgrkmfh@okaxis
16/05/2023,101762,2662.27,CR,7226.82,UPI/wf3h52w4zjhi@oksbi
16/05/2023,266176,502.07,DR,6724.75,UPI/4le8k27l3cu5@okaxis/P2M/do89ib1r@oksbi/VENNA
16/05/2023,766384,811.78,DR,5912.97,UPI/76pimp779byb@ybl/P2M/ynnu15a2@ptbsi/Chala
16/05/2023,,1011.0,DR,4901.97,UPI/w3qvxvn9hlsq@okhdfc/P2M/0o1dfx1r@ptbyl/Amazon
16/05/2023,,897.89,DR,4004.08,UPI/9mb5xa4b37rl@axl/P2M/7m17fnjj@paytm/VENNA
16/05/2023,,1115.15,DR,2888.93,UPI/xnj52b72nmg1@okaxis/P2M/h94ch7lh@paytm/Paytm
16/05/2023,,1463.3,DR,1425.63,UPI/qbn93dkuaikz@okaxis/P2M/8wnj69bg@paytm/Airtel
16/05/2023,,1275.64,DR,149.99,UPI/u68znv43993u@oksbi/P2M/b8l2jx3c@oksbi/Edara
16/05/2023,,3172.98,CR,3322.97,UPI/uku3xh6vg2zt@ybl
15/05/2023,555989,1342.87,DR,1980.1,UPI/2pdmt54tu7xy@oksbi/P2M/izxr9qcl@paytm/Paytm
15/05/2023,,1164.0,DR,816.1,UPI/gvap3nq6gcl7@okaxis/P2M/1uyjaor6@paytm/Amazon
15/05/2023,,1055.2,CR,1871.3,UPI/bkmwtnxy96b3@ybl
15/05/2023,430326,324.24,DR,1547.06,UPI/0u2n6ds5pc55@okhdfc/P2M/5xkoj8qb@paytm/Amazon
15/05/2023,,1328.6,DR,218.46,UPI/g27t75ntlllx@okaxis/P2M/3ci25vee@ptbsi/Edara
15/05/2023,,82.86,DR,135.6,UPI/i2gbzgjgplh9@axl/P2M/kgrzm079@paytm/Airtel
15/05/2023,397333,3133.02,CR,3268.62,UPI/x6xi025il5j4@paytm
15/05/2023,,422.71,DR,2845.91,UPI/29168k41q0el@oksbi/P2M/epobar5h@ptbyl/Airtel
14/05/2023,648786,3285.46,CR,6131.37,UPI/6h44g6hwfm2v@axl
14/05/2023,938703,3432.52,CR,9563.89,UPI/1lrjjitxlajy@ybl
14/05/2023,,1287.93,DR,8275.96,UPI/v3knzleo1xu0@okhdfc/P2M/5vvywvuj@ptbyl/VENNA
14/05/2023,,501.81,DR,7774.15,UPI/7hbgebdqa3wv@okaxis/P2M/3qwb6thf@ptbyl/Flipkart
14/05/2023,,806.02,DR,6968.13,UPI/xrrtl7ty22w3@oksbi/P2M/mjzbgpit@paytm/VENNA
14/05/2023,,4225.58,CR,11193.71,UPI/c1bjvxeen4gp@ybl
14/05/2023,,2429.95,CR,13623.66,UPI/z61deonhr8jc@ybl
14/05/2023,878783,1843.66,CR,15467.32,UPI/39iwpjm6dxjo@ybl
14/05/2023,,42.66,DR,15424.66,UPI/nksq6e77sw3p@okaxis/P2M/vgs593b4@ptbyl/Chala
14/05/2023,,894.8,DR,14529.86,UPI/obna0oh00ofj@paytm/P2M/bdpksk9o@paytm/BigBazaar
14/05/2023,,3083.86,CR,17613.72,UPI/vg9c5nehlhiu@okhdfc
14/05/2023,,1301.85,DR,16311.87,UPI/5xusisq38748@okaxis/P2M/plyaragv@oksbi/Airtel
13/05/2023,962679,913.41,DR,15398.46,UPI/hhgql35myjtx@paytm/P2M/llpz40dn@ptbsi/Paytm
13/05/2023,,302.16,DR,15096.3,UPI/m8joxgz1swtl@axl/P2M/7u52d46u@ptbsi/Airtel
13/05/2023,,680.12,CR,15776.42,UPI/nf26mkx7u2fn@okhdfc
13/05/2023,487884,1355.55,DR,14420.87,UPI/avpbeokbh9m6@okaxis/P2M/ibmowyqh@paytm/VENNA
13/05/2023,417671,745.15,DR,13675.72,UPI/i4n3bybcv67h@okaxis/P2M/0k5q1qxj@paytm/Edara
13/05/2023,,613.71,CR,14289.43,UPI/skmy4v1gih1i@ybl
13/05/2023,842586,891.97,DR,13397.46,UPI/gtqh25skeeg2@okhdfc/P2M/7xh277b8@ptbyl/Flipkart
13/05/2023,127660,52.07,DR,13345.39,UPI/j5k170cgd6l5@okhdfc/P2M/9qs5b3id@oksbi/Airtel
13/05/2023,435668,1421.13,DR,11924.26,UPI/2b8n8v6ktcsc@okhdfc/P2M/s933xzxa@ptbsi/Amazon
13/05/2023,,1398.74,DR,10525.52,UPI/dlc7iw3gcnkm@okaxis/P2M/d9qdmdop@ptbsi/AxisBank
13/05/2023,,152.89,DR,10372.63,UPI/m4s20s754gbf@oksbi/P2M/0bmc9210@ptbyl/VENNA
13/05/2023,,99.86,DR,10272.77,UPI/4u8o2plijz2z@axl/P2M/e4h5892n@ptbsi/Amazon
12/05/2023,,936.94,DR,9335.83,UPI/sr4fqtg0riiu@oksbi/P2M/kdvkprlv@oksbi/BigBazaar
12/05/2023,271135,895.36,DR,8440.47,UPI/pfqnwlx75hhe@okaxis/P2M/2gcje0hw@paytm/AxisBank
12/05/2023,,1404.11,DR,7036.36,UPI/jvbm0nd8d2hj@paytm/P2M/vjnfiwn7@ptbyl/Edara
12/05/2023,,1101.3,DR,5935.06,UPI/syyysmn254li@axl/P2M/th8clo8b@ptbsi/VENNA
12/05/2023,,4949.17,CR,10884.23,UPI/148ijqcdxc1s@paytm
12/05/2023,,1220.5,DR,9663.73,UPI/76m12it4z6fj@axl/P2M/t6bts2g0@oksbi/Airtel
12/05/2023,,275.87,DR,9387.86,UPI/iepo9pc63d94@okaxis/P2M/8vmfjf6k@ptbyl/Chala
12/05/2023,,1205.25,DR,8182.61,UPI/9uw470k8ac15@oksbi/P2M/bi29txvv@oksbi/BigBazaar
12/05/2023,470288,533.45,DR,7649.16,UPI/iwxhph8w5m4g@okaxis/P2M/220xu36f@ptbyl/VENNA
12/05/2023,,1121.26,DR,6527.9,UPI/gol6iunasov7@axl/P2M/cctcvmhi@paytm/Edara
12/05/2023,,818.73,DR,5709.17,UPI/iozkqdsm3g7t@ybl/P2M/w3xtec95@oksbi/Flipkart
12/05/2023,644064,68.74,DR,5640.43,UPI/6fzp4ousbxoh@oksbi/P2M/tvarej5a@ptbyl/Airtel
11/05/2023,,1086.85,DR,4553.58,UPI/p56xshemqp1k@okhdfc/P2M/tfr4kdia@paytm/VENNA
11/05/2023,,1231.77,DR,3321.81,UPI/4gbekw6jopnl@okhdfc/P2M/5s28dwsj@oksbi/Airtel
11/05/2023,,1421.83,DR,1899.98,UPI/924q12ka50j9@oksbi/P2M/0dz4rude@ptbsi/Airtel
11/05/2023,449148,1473.01,DR,426.97,UPI/qmo22sy3jxor@axl/P2M/nvee3e11@ptbsi/BigBazaar
11/05/2023,,1858.83,CR,2285.8,UPI/qqxx324eb38n@okhdfc
11/05/2023,,752.81,DR,1532.99,UPI/qmobdi2buice@okaxis/P2M/oftdqhxf@ptbsi/Flipkart
11/05/2023,693156,1250.7,DR,282.29,UPI/u3qpdrftrakg@okhdfc/P2M/tm387o1y@ptbsi/BigBazaar
10/05/2023,468644,101.12,DR,181.17,UPI/yobtx0ue5id7@okaxis/P2M/bvcgxfld@ptbsi/VENNA
10/05/2023,,2889.03,CR,3070.2,UPI/gsc78ruzpj4e@ybl
10/05/2023,915074,124.34,DR,2945.86,UPI/rdle7aw7c1xz@okhdfc/P2M/bcib4lq8@ptbsi/BigBazaar
10/05/2023,,938.6,DR,2007.26,UPI/s73uz4btkgcb@paytm/P2M/0hc6ndbn@oksbi/Paytm
10/05/2023,840446,409.48,DR,1597.78,UPI/rggtk6zvqoij@axl/P2M/jspxjy67@ptbsi/Chala
10/05/2023,158256,743.92,DR,853.86,UPI/dwu31i3twdpt@paytm/P2M/mqrkxxq1@ptbyl/Airtel
10/05/2023,,442.14,DR,411.72,UPI/rbmo44eo10gx@okhdfc/P2M/erb2k3bb@ptbyl/Amazon
09/05/2023,,201.49,DR,210.23,UPI/bk947jfd97sp@axl/P2M/e1m1p889@paytm/AxisBank
09/05/2023,,53.15,DR,157.08,UPI/vyudrw0lt8v5@oksbi/P2M/o8602up3@ptbsi/Airtel
09/05/2023,,78.82,DR,78.26,UPI/176a6kstf9zp@paytm/P2M/20ygnesc@paytm/Edara
08/05/2023,706667,10.01,DR,68.25,UPI/5o8i2oohvh5l@ybl/P2M/zbfn82ab@oksbi/Flipkart
07/05/2023,581007,686.54,CR,754.79,UPI/evvytntcudh4@axl
07/05/2023,,1275.72,CR,2030.51,UPI/lfru83c6jzh0@ybl
07/05/2023,906105,1344.05,DR,686.46,UPI/95qn3uarv01v@okhdfc/P2M/hg0qr1ob@ptbyl/Amazon
07/05/2023,,400.06,DR,286.4,UPI/l2vmri6eb0t4@okaxis/P2M/zum0wt1o@oksbi/VENNA
07/05/2023,633268,117.31,DR,169.09,UPI/p6ku8smzzukj@oksbi/P2M/roywmwso@ptbsi/BigBazaar
07/05/2023,,3853.4,CR,4022.49,UPI/oc0bt0guh8iu@okaxis
06/05/2023,,878.95,DR,3143.54,UPI/venz2w80zdkf@oksbi/P2M/zg2eaq5j@oksbi/AxisBank
06/05/2023,,1475.44,DR,1668.1,UPI/25e9uiuiqvxe@paytm/P2M/dw1mnffh@ptbyl/Edara
06/05/2023,575108,2201.92,CR,3870.02,UPI/v0anad9dk1n5@paytm
06/05/2023,703995,943.89,DR,2926.13,UPI/dx5j338k71yy@okhdfc/P2M/5qu22u99@ptbyl/Amazon
06/05/2023,,413.52,DR,2512.61,UPI/fdfvk6ckdcml@okhdfc/P2M/dktg3k3g@paytm/Airtel
06/05/2023,289940,1037.14,DR,1475.47,UPI/kner2lrshdrm@okaxis/P2M/j37aecxy@paytm/Flipkart
06/05/2023,448083,432.54,DR,1042.93,UPI/kxa87wcadym0@oksbi/P2M/dd40b6on@ptbsi/AxisBank
06/05/2023,,979.52,DR,63.41,UPI/zu66qgnytgxp@okaxis/P2M/og3a6cin@ptbyl/Amazon
05/05/2023,543695,15.0,DR,48.41,UPI/5949goxz2620@axl/P2M/k3kydqlq@ptbyl/Flipkart
05/05/2023,,1501.64,CR,1550.05,UPI/pjzy4234hfsk@axl
05/05/2023,,578.93,DR,971.12,UPI/f0flba5zoe4i@paytm/P2M/1hi9cuv7@paytm/BigBazaar
05/05/2023,,3233.37,CR,4204.49,UPI/oizjlax7i2oo@paytm
05/05/2023,,221.03,DR,3983.46,UPI/ue2oirkxz6nb@oksbi/P2M/s8cqmymh@ptbsi/Flipkart
05/05/2023,472321,539.16,DR,3444.3,UPI/l9xpueunbgaz@okhdfc/P2M/jmdvs1ii@ptbsi/AxisBank
05/05/2023,,1278.4,DR,2165.9,UPI/ly2r983qtgwk@oksbi/P2M/q7nhmpbx@ptbsi/Amazon
05/05/2023,949407,1044.29,DR,1121.61,UPI/c4iipb0w8rz9@oksbi/P2M/6uuff1ca@ptbsi/AxisBank
05/05/2023,463793,719.69,DR,401.92,UPI/gy9rngdlrj55@okaxis/P2M/0aai8mko@ptbsi/Edara
04/05/2023,738894,296.56,DR,105.36,UPI/nd950lu35b8v@paytm/P2M/f5g4pdn8@oksbi/Chala
04/05/2023,,36.78,DR,68.58,UPI/ri1ympggd6ll@axl/P2M/hyl4ia2l@ptbyl/AxisBank
04/05/2023,170635,2089.63,CR,2158.21,UPI/mork9l9jtn1q@okhdfc
03/05/2023,189391,1074.52,DR,1083.69,UPI/6jjmu8jhtx50@paytm/P2M/9n0mt502@paytm/AxisBank
03/05/2023,,27.15,DR,1056.54,UPI/dkj8hypxvdou@axl/P2M/jphyp5ew@oksbi/Amazon
03/05/2023,522091,1034.35,DR,22.19,UPI/jzqudq605vu9@oksbi/P2M/pdexsike@ptbyl/AxisBank
03/05/2023,,4822.19,CR,4844.38,UPI/ntru1dtbve6e@okaxis
03/05/2023,,1098.61,DR,3745.77,UPI/6jq2nodfrxwl@oksbi/P2M/0s4df937@ptbyl/Paytm
03/05/2023,,305.26,DR,3440.51,UPI/lyoiq5v2czgy@oksbi/P2M/6fpp6wg0@oksbi/Paytm
03/05/2023,,378.74,DR,3061.77,UPI/wnfhq3ejp8ff@okaxis/P2M/9iqkpamu@oksbi/BigBazaar
03/05/2023,,3214.68,CR,6276.45,UPI/mdezjxvgkspq@okaxis
03/05/2023,622321,463.24,DR,5813.21,UPI/0q391nd8tltw@paytm/P2M/0v397835@ptbsi/Amazon
03/05/2023,741591,1453.37,DR,4359.84,UPI/z3p1qikeo7xj@axl/P2M/k236fgae@oksbi/VENNA
02/05/2023,,295.78,DR,4064.06,UPI/8b4475z1s6gr@axl/P2M/8x5kdknh@oksbi/Edara
02/05/2023,144593,1042.17,DR,3021.89,UPI/75nao85e669x@oksbi/P2M/gxcsx7hr@paytm/Paytm
02/05/2023,503330,882.64,DR,2139.25,UPI/hbnxdofy12lu@oksbi/P2M/uhe8v5ll@oksbi/Flipkart
02/05/2023,260139,1442.28,DR,696.97,UPI/4gg1g1vaeivx@paytm/P2M/9fm415ee@ptbyl/Amazon
02/05/2023,412168,55.23,DR,641.74,UPI/6w7ke43dnbwq@ybl/P2M/arfd6ue8@ptbsi/BigBazaar
02/05/2023,,270.9,DR,370.84,UPI/3u5ypw6r2343@paytm/P2M/4q4dr2qx@oksbi/Airtel
01/05/2023,292600,143.12,DR,227.72,UPI/tu0o4bdb79kq@paytm/P2M/ftcs4op6@paytm/Chala
01/05/2023,,182.86,DR,44.86,UPI/46zv7zhgl3yv@okhdfc/P2M/innoxuhi@ptbsi/Paytm
30/04/2023,753036,2826.65,CR,2871.51,UPI/if445736oyma@oksbi
30/04/2023,,327.85,DR,2543.66,UPI/wnvso6778r2d@axl/P2M/ex2fazew@ptbsi/Amazon
30/04/2023,,908.22,DR,1635.44,UPI/q6n25juyl86z@paytm/P2M/6d3p6xhg@ptbsi/AxisBank
30/04/2023,429962,1394.23,DR,241.21,UPI/jfsku0gybtdu@paytm/P2M/h1rlybs2@oksbi/VENNA
29/04/2023,,1493.63,CR,1734.84,UPI/a32ammiaxdsf@okhdfc
29/04/2023,,743.12,DR,991.72,UPI/8y94ilo1v7bj@axl/P2M/xc0owmzv@ptbsi/BigBazaar
29/04/2023,,525.51,DR,466.21,UPI/k7rhuh2bu2qu@okhdfc/P2M/afd4290c@ptbsi/Airtel
29/04/2023,,432.33,DR,33.88,UPI/xq16psnxy74e@okhdfc/P2M/aj3vxkl0@paytm/VENNA
29/04/2023,855512,1305.46,CR,1339.34,UPI/7gscuav9ctnb@axl
29/04/2023,206577,3321.82,CR,4661.16,UPI/1bxdx4bmaob0@paytm
29/04/2023,301456,1417.28,DR,3243.88,UPI/xewm9s8r2bqi@ybl/P2M/dr3hcsr9@ptbsi/Paytm
29/04/2023,,1365.92,DR,1877.96,UPI/7fxevavefbgu@axl/P2M/ouz18jy4@paytm/Edara
28/04/2023,,1395.56,DR,482.4,UPI/dy3zla3as8hw@okhdfc/P2M/jzu861ul@oksbi/AxisBank
28/04/2023,,415.31,DR,67.09,UPI/kt841tkhiavo@paytm/P2M/6pd71txy@paytm/BigBazaar
28/04/2023,,11.07,DR,56.02,UPI/ycwaaa62r24v@oksbi/P2M/ilptl0eg@ptbsi/Airtel
27/04/2023,,2824.54,CR,2880.56,UPI/syqquzw0ftd0@axl
27/04/2023,620992,4812.34,CR,7692.9,UPI/5ffbwsuozxw4@ybl
27/04/2023,,737.38,DR,6955.52,UPI/t6qcrb84zfyc@okhdfc/P2M/snwoy4yv@paytm/AxisBank
27/04/2023,,1250.33,DR,5705.19,UPI/xta1k9muxlqc@ybl/P2M/48xh9ww3@oksbi/AxisBank
27/04/2023,,362.15,DR,5343.04,UPI/0krpeqsnodo5@paytm/P2M/xw6ub6yf@ptbsi/Chala
26/04/2023,,621.96,DR,4721.08,UPI/kcc60d26558k@okhdfc/P2M/128xnx7u@paytm/Chala
26/04/2023,,1680.84,CR,6401.92,UPI/izpn3o3sacbz@ybl
26/04/2023,,3456.13,CR,9858.05,UPI/33p4sx3mgn3m@paytm
26/04/2023,,925.02,DR,8933.03,UPI/iyar8xsxu2tv@okaxis/P2M/i1o0bn5x@paytm/Amazon
26/04/2023,497777,868.9,DR,8064.13,UPI/i4ie0jybazt8@axl/P2M/lczfoyar@ptbyl/Flipkart
26/04/2023,439217,3541.89,CR,11606.02,UPI/tcr29txkirkf@okaxis
26/04/2023,823318,243.3,DR,11362.72,UPI/v0uqa70roni0@ybl/P2M/lvem5pvk@ptbsi/Chala
26/04/2023,184465,1032.49,DR,10330.23,UPI/svx6bcr2z31d@paytm/P2M/7reu4r9i@paytm/Chala
26/04/2023,617399,886.14,DR,9444.09,UPI/i4h1gh36ilq8@axl/P2M/zhzqbk4p@ptbyl/Paytm
26/04/2023,179050,768.31,DR,8675.78,UPI/7cp3m5qzbb7q@okhdfc/P2M/0pydi8ox@paytm/Edara
26/04/2023,766886,354.98,DR,8320.8,UPI/1e8f9x07f5dx@axl/P2M/n5q8rwci@ptbsi/Paytm
26/04/2023,,1094.3,DR,7226.5,UPI/fwevhcx6b84l@ybl/P2M/hrwuxwz8@paytm/Amazon
25/04/2023,,708.92,DR,6517.58,UPI/mra05uyvfhj5@oksbi/P2M/hyx1ce05@ptbsi/BigBazaar
25/04/2023,,1086.81,DR,5430.77,UPI/8iqxmiszzta7@paytm/P2M/vfwk3yri@oksbi/AxisBank
25/04/2023,638906,98.39,DR,5332.38,UPI/t86mj8ru676b@okaxis/P2M/1yifrut6@paytm/Chala
25/04/2023,,1214.73,DR,4117.65,UPI/povtug02573n@axl/P2M/sctig5m0@ptbyl/Chala
25/04/2023,,503.82,DR,3613.83,UPI/bvf3odejl81k@paytm/P2M/p0vhny9x@ptbyl/BigBazaar
25/04/2023,305410,1124.21,DR,2489.62,UPI/nrto2avih672@oksbi/P2M/uaa5mogw@oksbi/Amazon
25/04/2023,,947.26,DR,1542.36,UPI/7yupvroj7afa@okaxis/P2M/bumj9to3@oksbi/Amazon
25/04/2023,,280.29,DR,1262.07,UPI/c7rbjtj06zrm@axl/P2M/9shjoiu7@ptbsi/Airtel
25/04/2023,,983.36,DR,278.71,UPI/ciw0ojxlry7g@paytm/P2M/xw7ayn92@paytm/Chala
25/04/2023,494507,237.37,DR,41.34,UPI/vjofc6lnkc5q@axl/P2M/4487fw6t@oksbi/Edara
24/04/2023,,977.16,CR,1018.5,UPI/upmhlthd5do3@oksbi
24/04/2023,170810,989.89,DR,28.61,UPI/pfo4sxcf5ykq@okaxis/P2M/s4jqq71y@ptbsi/Airtel
24/04/2023,,3144.02,CR,3172.63,UPI/4dqejikirg64@okhdfc
24/04/2023,,1431.49,DR,1741.14,UPI/prkktitkexy7@ybl/P2M/910s0cpd@ptbyl/Edara
24/04/2023,585524,585.49,DR,1155.65,UPI/y104rcc7jss5@oksbi/P2M/3knp7phl@ptbsi/Edara
24/04/2023,864142,995.24,DR,160.41,UPI/ic7p50caeyih@ybl/P2M/rhb13yxz@ptbsi/Edara
23/04/2023,,4926.24,CR,5086.65,UPI/ddcjcizh35hz@paytm
23/04/2023,714480,286.26,DR,4800.39,UPI/xo4qbpl2e4sk@okhdfc/P2M/1p48ciu6@ptbsi/VENNA
23/04/2023,,1136.2,DR,3664.19,UPI/bixtq4fq5kp3@okaxis/P2M/ckk0ka04@ptbsi/Chala
23/04/2023,,355.1,DR,3309.09,UPI/tcvorlltta4w@axl/P2M/27064xwl@ptbyl/Airtel
23/04/2023,,1412.31,DR,1896.78,UPI/f96pmxfjk97e@ybl/P2M/4kjdsse0@oksbi/Chala
23/04/2023,,814.02,DR,1082.76,UPI/vvfsksyjlxw9@okaxis/P2M/wmhtaaj3@ptbsi/Amazon
23/04/2023,,964.37,DR,118.39,UPI/23d4nnpzxhan@paytm/P2M/bx4ejqmt@paytm/Amazon
23/04/2023,,3214.04,CR,3332.43,UPI/c6f89pb4p4r2@ybl
23/04/2023,,67.14,DR,3265.29,UPI/c200wt1dq2pt@axl/P2M/mxtxz6qc@oksbi/Flipkart
22/04/2023,,134.91,DR,3130.38,UPI/1pccx326vhhb@paytm/P2M/9xxa6w32@ptbyl/Paytm
22/04/2023,,1108.25,DR,2022.13,UPI/8awmp5kax863@okaxis/P2M/vfu15vtu@ptbsi/BigBazaar
22/04/2023,770823,452.04,DR,1570.09,UPI/lvua37it8cbx@oksbi/P2M/gifob9hj@oksbi/BigBazaar
22/04/2023,432200,365.53,DR,1204.56,UPI/fpxzlteicb6l@paytm/P2M/yyh99ko5@ptbyl/AxisBank
22/04/2023,912932,558.65,DR,645.91,UPI/4obo5kuopkwz@paytm/P2M/xehjsznl@paytm/AxisBank
22/04/2023,,434.42,DR,211.49,UPI/0r79l3qsqblx@okaxis/P2M/ka26dcog@ptbsi/VENNA
22/04/2023,964926,3630.18,CR,3841.67,UPI/pux5dcj6l5dz@oksbi
22/04/2023,,879.86,DR,2961.81,UPI/981nuot7m8ga@oksbi/P2M/2xv7ilzp@oksbi/Flipkart
22/04/2023,289989,1433.81,DR,1528.0,UPI/x33upuldgst2@paytm/P2M/c9z6vflr@ptbyl/AxisBank
22/04/2023,,4563.35,CR,6091.35,UPI/pjyx60w76sih@okhdfc
22/04/2023,575207,570.34,DR,5521.01,UPI/gb5mkz6spwyx@axl/P2M/kbov6onp@paytm/VENNA
22/04/2023,721874,610.06,DR,4910.95,UPI/7ba5unl89i4m@ybl/P2M/m0sixnno@paytm/VENNA
21/04/2023,550208,578.83,DR,4332.12,UPI/amlnddak6ndn@ybl/P2M/uh8ogoc4@oksbi/Paytm
21/04/2023,,365.75,DR,3966.37,UPI/h5tmo7rzbc6t@ybl/P2M/ij56qxl7@ptbsi/Paytm
21/04/2023,,659.55,DR,3306.82,UPI/dl538bo913n0@okaxis/P2M/lm3whpkm@oksbi/Edara
21/04/2023,,1023.31,DR,2283.51,UPI/n03df6ilvvuk@oksbi/P2M/xa7g3r6t@ptbsi/Paytm
21/04/2023,448616,1460.91,DR,822.6,UPI/71v5q5tgjvke@okaxis/P2M/m1jjtto4@ptbsi/Flipkart
21/04/2023,,554.92,CR,1377.52,UPI/m9w1i499rbuc@axl
21/04/2023,297724,783.9,DR,593.62,UPI/qweqay73zfdc@okaxis/P2M/r9w60bpk@ptbsi/Edara
21/04/2023,864809,460.91,DR,132.71,UPI/ksk1t8aztote@oksbi/P2M/svqosdd4@ptbsi/Airtel
19/04/2023,,4211.76,CR,4344.47,UPI/wdtarjhxizui@paytm
19/04/2023,239549,285.06,DR,4059.41,UPI/zz21xqyail4p@okaxis/P2M/sj509acx@ptbyl/Edara
19/04/2023,,1311.09,DR,2748.32,UPI/i4qn4i5uzdd4@okaxis/P2M/24oc33xc@paytm/Flipkart
19/04/2023,,910.1,DR,1838.22,UPI/c3dntj1ikc0h@oksbi/P2M/vb60mlei@paytm/Amazon
19/04/2023,716819,2764.88,CR,4603.1,UPI/81j9lep2j8er@okaxis
19/04/2023,,301.12,DR,4301.98,UPI/hfoixi7k7k8s@okhdfc/P2M/n8swnu5a@paytm/Amazon
19/04/2023,,3305.83,CR,7607.81,UPI/yww7wwuomlfa@axl
18/04/2023,393771,709.65,DR,6898.16,UPI/pe0ik5dk8fs7@oksbi/P2M/vuffiia2@oksbi/Airtel
18/04/2023,,2053.17,CR,8951.33,UPI/7kgbmubaex8c@oksbi
18/04/2023,,36.33,DR,8915.0,UPI/c85wdgwdib26@axl/P2M/5x0gxrgx@oksbi/Amazon
18/04/2023,,743.35,DR,8171.65,UPI/gu897471j29x@axl/P2M/fpp85ya7@ptbyl/VENNA
18/04/2023,503057,1258.97,DR,6912.68,UPI/tz9yzya1j2du@oksbi/P2M/mkpsaxlk@paytm/Chala
18/04/2023,,1215.36,DR,5697.32,UPI/muxuiump5lt2@ybl/P2M/q507pe3c@ptbsi/AxisBank
18/04/2023,,291.04,DR,5406.28,UPI/38sfxv499l2r@okhdfc/P2M/1to4qig6@ptbyl/Amazon
18/04/2023,,1406.72,DR,3999.56,UPI/xodel9qbil4g@paytm/P2M/z1m7bkil@paytm/Paytm
18/04/2023,821141,617.91,DR,3381.65,UPI/12x5cvwmvy23@okaxis/P2M/5d9fu316@oksbi/VENNA
18/04/2023,485851,756.03,DR,2625.62,UPI/vor1sgsov7f7@okaxis/P2M/coh6935w@paytm/VENNA
18/04/2023,,786.91,DR,1838.71,UPI/ll661ps2mauc@paytm/P2M/gl4rz0a4@ptbsi/Chala
18/04/2023,,1039.29,DR,799.42,UPI/b7yqsmmxqp7h@okaxis/P2M/2t04f6bl@oksbi/VENNA
17/04/2023,798406,4539.33,CR,5338.75,UPI/gfi0mrqr3fd5@okhdfc
17/04/2023,,865.1,DR,4473.65,UPI/k5kvfwv3mvqc@ybl/P2M/5qk40tqn@ptbyl/Chala
17/04/2023,,493.4,DR,3980.25,UPI/k4yrowtmcbpp@oksbi/P2M/9htu1fy0@oksbi/Paytm
17/04/2023,,1311.41,DR,2668.84,UPI/t0owa5xf69q8@okaxis/P2M/dar1zns7@ptbsi/Airtel
17/04/2023,,336.78,DR,2332.06,UPI/b8y0acr6aeew@axl/P2M/om3nfcwe@oksbi/AxisBank
17/04/2023,817505,1047.58,DR,1284.48,UPI/jckaecn6ojjt@okaxis/P2M/22fp83mc@ptbsi/BigBazaar
17/04/2023,,598.86,DR,685.62,UPI/ivkbcvpvrd0e@okhdfc/P2M/b0g04t3l@ptbyl/AxisBank
17/04/2023,,667.78,DR,17.84,UPI/rm9ycne3whmk@paytm/P2M/6s7eu6ym@oksbi/Edara
17/04/2023,,3495.27,CR,3513.11,UPI/9s64rh2g3ock@ybl
17/04/2023,647618,431.42,DR,3081.69,UPI/tds4dt5uwd0v@axl/P2M/krniehdp@paytm/VENNA
16/04/2023,,3745.8,CR,6827.49,UPI/qgpkq82vh32y@paytm
16/04/2023,654730,794.41,CR,7621.9,UPI/lrm9qmuo22nd@oksbi
16/04/2023,,683.79,DR,6938.11,UPI/vxv2x36khvwu@okaxis/P2M/g2nqu1pk@ptbyl/AxisBank
16/04/2023,,990.41,CR,7928.52,UPI/8en7fva3eg9u@okaxis
16/04/2023,,636.51,DR,7292.01,UPI/dnm1g5ips5jn@okhdfc/P2M/3b48x3p5@ptbsi/VENNA
16/04/2023,252313,96.43,DR,7195.58,UPI/65evyd7pwizt@paytm/P2M/unv36pgh@oksbi/Chala
16/04/2023,818138,1223.64,DR,5971.94,UPI/g6ai848jxeu1@paytm/P2M/vq86n4ti@ptbyl/AxisBank
16/04/2023,461430,520.2,DR,5451.74,UPI/s6q0g40zoaqt@oksbi/P2M/x2gelp5g@paytm/Airtel
16/04/2023,,234.45,DR,5217.29,UPI/a50iisstw0z5@okhdfc/P2M/nmw3uenl@oksbi/AxisBank
16/04/2023,,442.08,DR,4775.21,UPI/c62blu6wet60@oksbi/P2M/2f01iaxy@paytm/BigBazaar
16/04/2023,,542.84,DR,4232.37,UPI/36p7fdd4d03l@okhdfc/P2M/83cz9cgs@ptbyl/Chala
16/04/2023,,1404.79,DR,2827.58,UPI/c0cbr1m6wifj@ybl/P2M/poxr90e7@ptbyl/Edara
15/04/2023,,1157.79,DR,1669.79,UPI/s511d9abp5z2@okaxis/P2M/xgqhtz5n@oksbi/Amazon
15/04/2023,215762,1039.75,DR,630.04,UPI/efyej4ug7voi@axl/P2M/8kdwtjqn@ptbsi/Airtel
15/04/2023,387834,471.43,DR,158.61,UPI/yc0p5ttj4tq2@okaxis/P2M/z7t0l8kd@oksbi/BigBazaar
15/04/2023,233852,2562.53,CR,2721.14,UPI/v3nsatrhsscy@ybl
15/04/2023,686154,868.61,DR,1852.53,UPI/sxogf0vcjq7p@ybl/P2M/aj9etfh8@ptbyl/AxisBank
15/04/2023,849304,986.76,DR,865.77,UPI/a6c7zeo99twl@paytm/P2M/h32cz1kd@oksbi/Amazon
15/04/2023,,506.53,DR,359.24,UPI/fr59jh71fama@oksbi/P2M/19sypaqn@ptbyl/BigBazaar
15/04/2023,800722,334.92,DR,24.32,UPI/hposs5rn1rio@ybl/P2M/mbv2gv52@ptbyl/Airtel
14/04/2023,,3917.26,CR,3941.58,UPI/ku994nhdv59s@ybl
14/04/2023,,2656.3,CR,6597.88,UPI/6if23silbmqf@okhdfc
14/04/2023,767701,1343.4,DR,5254.48,UPI/oxlp9ha24p84@ybl/P2M/2zg5hsdz@paytm/Airtel
14/04/2023,,1048.14,DR,4206.34,UPI/z4uwepsirsd8@axl/P2M/4xtqzokb@ptbsi/AxisBank
14/04/2023,171795,340.15,DR,3866.19,UPI/mjpc6vugatoi@ybl/P2M/k3j57tja@oksbi/AxisBank
14/04/2023,114800,1353.39,DR,2512.8,UPI/p88rhycvla0x@okhdfc/P2M/qhotgoga@ptbyl/AxisBank
14/04/2023,895817,4612.69,CR,7125.49,UPI/5du8cklhgkwo@okaxis
14/04/2023,374335,1163.24,DR,5962.25,UPI/u3hye1946pte@okhdfc/P2M/uvjxr46l@ptbsi/VENNA
14/04/2023,646911,1389.37,DR,4572.88,UPI/51juboprygac@okhdfc/P2M/ugnx9rmb@paytm/Airtel
13/04/2023,,100.17,DR,4472.71,UPI/tq6rtsiq2h5n@axl/P2M/cpfsig5r@paytm/Amazon
13/04/2023,,78.35,DR,4394.36,UPI/q14oj7e0qhq6@okaxis/P2M/2rpwqpd9@paytm/Edara
13/04/2023,,902.05,DR,3492.31,UPI/mazcetjx8c9s@okhdfc/P2M/vzsjvjh6@paytm/Airtel
13/04/2023,424003,344.51,DR,3147.8,UPI/wae1bmfl06pa@axl/P2M/w7ti1ors@ptbsi/VENNA
13/04/2023,,292.76,DR,2855.04,UPI/rls5q6b3cqqo@oksbi/P2M/ub30sa0x@paytm/VENNA
13/04/2023,,1373.63,DR,1481.41,UPI/x910ihfngfzk@axl/P2M/dtrcy32p@ptbyl/Chala
13/04/2023,,124.1,DR,1357.31,UPI/egs3rkohwzl1@oksbi/P2M/fnevdw63@oksbi/BigBazaar
13/04/2023,,946.71,DR,410.6,UPI/06il640n5w5i@ybl/P2M/hg48jyap@ptbyl/Airtel
13/04/2023,357281,1449.82,CR,1860.42,UPI/nuv21ukzf213@oksbi
13/04/2023,,895.11,DR,965.31,UPI/8nak0mvpcona@okhdfc/P2M/gho6o06l@ptbyl/Airtel
13/04/2023,816893,512.9,DR,452.41,UPI/pm8ra0tdaioi@okhdfc/P2M/77ootc7i@ptbyl/Paytm
12/04/2023,105373,274.01,DR,178.4,UPI/3efai8akyqsf@paytm/P2M/wlj9zyco@oksbi/Flipkart
12/04/2023,899386,1445.32,CR,1623.72,UPI/wa03yhzfcxel@ybl
12/04/2023,512188,1377.56,DR,246.16,UPI/v4g448hurst2@okaxis/P2M/vkdd8bn0@paytm/Paytm
12/04/2023,,2570.43,CR,2816.59,UPI/ht3q5187ekzb@paytm
12/04/2023,,739.04,DR,2077.55,UPI/vm7z6tklvwwv@okaxis/P2M/j2sf1kvs@ptbsi/VENNA
12/04/2023,136923,286.22,DR,1791.33,UPI/qd91wckjclwd@ybl/P2M/lwugv945@ptbyl/BigBazaar
11/04/2023,,1047.49,DR,743.84,UPI/836ujyxu5g8h@paytm/P2M/jon2x7rt@ptbsi/Edara
11/04/2023,,592.04,DR,151.8,UPI/cjav2jq6b01y@okaxis/P2M/wi6wb2st@oksbi/Paytm
11/04/2023,,493.34,CR,645.14,UPI/ievvy7x7plqh@paytm
11/04/2023,,1310.6,CR,1955.74,UPI/gyezwf0gym4l@ybl
11/04/2023,,634.84,DR,1320.9,UPI/vx261pa336wz@axl/P2M/cjuixtxn@ptbyl/BigBazaar
11/04/2023,,612.78,DR,708.12,UPI/y5yi07r5bvk6@okhdfc/P2M/ts9o9m8a@ptbyl/VENNA
10/04/2023,,3226.32,CR,3934.44,UPI/p1ifzbthdwi8@ybl
10/04/2023,254777,306.01,DR,3628.43,UPI/o5l1rk43bpbe@okhdfc/P2M/u2w0j0rm@oksbi/BigBazaar
10/04/2023,931700,121.68,DR,3506.75,UPI/nm5aac7ns91p@ybl/P2M/ml2mnqnj@paytm/Amazon
10/04/2023,398260,1309.7,DR,2197.05,UPI/zuzkjxcvry8n@oksbi/P2M/0k1ecck8@ptbsi/AxisBank
10/04/2023,194213,604.13,DR,1592.92,UPI/ed393dq5xkh2@ybl/P2M/74c6wvrx@oksbi/Airtel
10/04/2023,,275.89,DR,1317.03,UPI/lpydtzzw226h@okaxis/P2M/z1exsq1e@paytm/VENNA
10/04/2023,,1221.74,DR,95.29,UPI/v3yk2wnc3a4e@axl/P2M/qsj00ym4@paytm/Chala
09/04/2023,,3556.79,CR,3652.08,UPI/koa099wgp7xw@okhdfc
09/04/2023,,1067.79,DR,2584.29,UPI/2lq85owc11b2@oksbi/P2M/8gctvde8@ptbsi/Paytm
09/04/2023,,961.02,DR,1623.27,UPI/3msgkv54wr7t@paytm/P2M/ippkrej7@paytm/BigBazaar
09/04/2023,311204,1415.43,DR,207.84,UPI/1n353lyv2wiy@axl/P2M/y4b3agus@ptbsi/VENNA
09/04/2023,,2094.84,CR,2302.68,UPI/8jcauys7q4ma@okaxis
09/04/2023,173271,949.83,DR,1352.85,UPI/fnesp1cy7anz@axl/P2M/4adgqwoo@paytm/BigBazaar
09/04/2023,,776.94,DR,575.91,UPI/6w5giejybg3s@ybl/P2M/qz8edk2y@ptbsi/BigBazaar
09/04/2023,,152.19,DR,423.72,UPI/3g10mddds7ko@okaxis/P2M/asn32wyc@oksbi/Edara
09/04/2023,506066,175.16,DR,248.56,UPI/3cermnysazd1@paytm/P2M/dkg1xw6p@ptbsi/VENNA
08/04/2023,,1453.54,CR,1702.1,UPI/2dyz77cjqhv3@okaxis
08/04/2023,,3046.63,CR,4748.73,UPI/wfrnm43mfyvb@ybl
08/04/2023,,3940.59,CR,8689.32,UPI/9z00ca7ny6mc@okhdfc
08/04/2023,,572.86,DR,8116.46,UPI/2wj19532usft@ybl/P2M/v82uewzc@paytm/AxisBank
08/04/2023,616067,3589.15,CR,11705.61,UPI/rasa7mbbq1oa@oksbi
08/04/2023,,1787.02,CR,13492.63,UPI/03xe7y4m1zkb@axl
08/04/2023,,1356.76,DR,12135.87,UPI/kowwyu7908o6@okaxis/P2M/bjqindn9@paytm/Airtel
08/04/2023,630105,939.06,DR,11196.81,UPI/bp04jgo27bl2@oksbi/P2M/jpbq3hkp@ptbsi/Amazon
08/04/2023,,87.53,DR,11109.28,UPI/p0ix66rnmdv5@okhdfc/P2M/kzucwp2b@ptbsi/Amazon
08/04/2023,,293.4,DR,10815.88,UPI/g5qco46dj9dr@paytm/P2M/szud10qx@paytm/BigBazaar
07/04/2023,,819.1,DR,9996.78,UPI/bp0be800e9zv@axl/P2M/4bndeaqm@paytm/Chala
07/04/2023,,1157.04,DR,8839.74,UPI/vlyoth72g77c@axl/P2M/ad1cik9a@paytm/AxisBank
07/04/2023,,811.68,DR,8028.06,UPI/gir2a0ba30u4@oksbi/P2M/9hw1224o@ptbsi/Paytm
07/04/2023,,975.81,DR,7052.25,UPI/6x3b9rmn03zh@axl/P2M/31fok1zy@ptbyl/BigBazaar
07/04/2023,,393.12,DR,6659.13,UPI/vgl5gds7wp1r@okhdfc/P2M/0n0p4u73@ptbyl/Chala
07/04/2023,,877.85,DR,5781.28,UPI/ysfigwj7y86j@axl/P2M/ewaqe500@paytm/VENNA
07/04/2023,,1363.22,DR,4418.06,UPI/b13gf5svugh3@axl/P2M/cs408ift@ptbyl/VENNA
07/04/2023,548795,765.34,DR,3652.72,UPI/gc111nt6fj0w@axl/P2M/hy0en2dn@ptbsi/VENNA
07/04/2023,,312.31,CR,3965.03,UPI/0q1v1qnmmrdx@axl
07/04/2023,,668.94,DR,3296.09,UPI/vv5nu1xu5971@oksbi/P2M/z6m0slvz@ptbsi/VENNA
07/04/2023,,625.85,DR,2670.24,UPI/6hlqpuxsg3j6@axl/P2M/crv0l8al@oksbi/Airtel
06/04/2023,,1390.25,DR,1279.99,UPI/o5liahcjmsky@paytm/P2M/rjc1hwdr@ptbsi/Paytm
06/04/2023,,1273.71,DR,6.28,UPI/zrrdiqdqvh0v@ybl/P2M/1i5kfds8@oksbi/Flipkart
05/04/2023,253930,116.91,CR,123.19,UPI/d2usrj3achj9@oksbi
04/04/2023,,2255.93,CR,2379.12,UPI/v7hmz5as7jjs@oksbi
04/04/2023,,431.2,DR,1947.92,UPI/rbcq4lb2t8zq@okhdfc/P2M/u6qfdi8o@ptbsi/VENNA
04/04/2023,,1558.66,CR,3506.58,UPI/57xvi47smt4u@paytm
04/04/2023,,640.57,DR,2866.01,UPI/5jf0ozflpn3z@oksbi/P2M/ahexcjh0@ptbsi/Edara
04/04/2023,,1377.95,CR,4243.96,UPI/hrot2wvrm5j9@paytm
04/04/2023,,1440.65,DR,2803.31,UPI/42va57ahaqww@paytm/P2M/3925qdbf@ptbsi/Airtel
04/04/2023,,154.63,DR,2648.68,UPI/yu7sjtg6m0x4@oksbi/P2M/rirbovuh@oksbi/Paytm
04/04/2023,701122,437.61,DR,2211.07,UPI/zn9pznx6vy1n@okhdfc/P2M/tit3vhir@ptbyl/Flipkart
04/04/2023,,602.97,DR,1608.1,UPI/uxmgx8qmh21u@okaxis/P2M/285r0pea@ptbyl/Airtel
04/04/2023,907411,1138.01,DR,470.09,UPI/e27f74c1q7oa@axl/P2M/44bn1ywt@paytm/Edara
03/04/2023,,382.83,DR,87.26,UPI/cth1o4da0daj@axl/P2M/sch60uka@ptbsi/Flipkart
03/04/2023,,594.09,CR,681.35,UPI/ucyb4uuw1s3c@paytm
03/04/2023,736176,479.22,DR,202.13,UPI/tv4ck2655uih@ybl/P2M/ekqcdm24@oksbi/Paytm
03/04/2023,,35.0,DR,167.13,UPI/0uo8i7sik5li@ybl/P2M/0wxxz1hu@ptbyl/Flipkart
02/04/2023,,1149.62,CR,1316.75,UPI/e6pv51pvedms@okaxis
02/04/2023,,1154.78,DR,161.97,UPI/vr0faab91a7a@okaxis/P2M/aqqw8ymb@ptbyl/Airtel
02/04/2023,,3572.57,CR,3734.54,UPI/eyk7zzc1i7qc@okaxis
02/04/2023,427918,375.97,DR,3358.57,UPI/qj1hatqkkcqm@ybl/P2M/9qq78ghm@ptbyl/Flipkart
02/04/2023,,981.62,DR,2376.95,UPI/7y51uxhyhm5y@paytm/P2M/lfom7gdr@oksbi/Flipkart
02/04/2023,,1412.75,DR,964.2,UPI/awti3c2wvljo@oksbi/P2M/9qcy2tfg@ptbsi/Flipkart
02/04/2023,,190.17,DR,774.03,UPI/m63kt19i4p3t@axl/P2M/dedlpaxl@ptbsi/Paytm
02/04/2023,,283.45,DR,490.58,UPI/e96rv0n7flb4@oksbi/P2M/wv8coqwv@oksbi/VENNA
02/04/2023,813521,3480.82,CR,3971.4,UPI/4m94x55a5e88@okhdfc
01/04/2023,937325,109.28,DR,3862.12,UPI/aytw35ygaj22@ybl/P2M/04n51vko@ptbyl/AxisBank
01/04/2023,,1351.95,DR,2510.17,UPI/gjm53r86lvtw@okhdfc/P2M/7zx4e9wa@ptbsi/VENNA
01/04/2023,,1418.95,DR,1091.22,UPI/yt8mj9m3i5mg@axl/P2M/6n2s1fd1@ptbsi/Paytm
01/04/2023,283568,813.55,DR,277.67,UPI/926dfnvuiiu7@axl/P2M/26x0vrda@ptbyl/BigBazaar
