Date,Instrument ID,Amount,Type,Balance,Remarks
29/02/2024,,3564.86,CR,4666.79,UPI/96qgcexn9cj6@ybl
29/02/2024,944979,496.07,DR,4170.72,UPI/c4r5zhchzh15@axl/P2M/8f7r70xn@ptbsi/Airtel
29/02/2024,,954.18,DR,3216.54,UPI/i8kd7pp2y900@okhdfc/P2M/q926u0k9@ptbyl/Amazon
29/02/2024,,1366.38,DR,1850.16,UPI/miwqjxcvssoc@okhdfc/P2M/m7trgxl4@ptbsi/Paytm
29/02/2024,901463,541.63,DR,1308.53,UPI/amejrd881tsj@okhdfc/P2M/9pvmc2uf@ptbyl/Paytm
29/02/2024,,1031.57,DR,276.96,UPI/sktdm27x6pzn@ybl/P2M/jrxfe7rx@paytm/AxisBank
29/02/2024,,96.7,DR,180.26,UPI/4bf1uvbkp8kh@okhdfc/P2M/6iw7j9j9@ptbsi/Airtel
29/02/2024,463562,1916.78,CR,2097.04,UPI/h51zbq8n0ktg@paytm
29/02/2024,,466.43,DR,1630.61,UPI/in7nulsizk9p@oksbi/P2M/z77g80kh@ptbsi/Amazon
29/02/2024,,3125.86,CR,4756.47,UPI/h6cse8ogj7j4@okhdfc
29/02/2024,,1132.95,DR,3623.52,UPI/bjjht1n6cl8g@okaxis/P2M/5tm31i6d@ptbyl/Amazon
28/02/2024,,986.26,DR,2637.26,UPI/gymjhoy9h7v1@ybl/P2M/ial9krw4@ptbyl/Airtel
28/02/2024,,71.66,DR,2565.6,UPI/jenlm3j76b63@okaxis/P2M/2hegtyc3@ptbyl/VENNA
28/02/2024,,1434.49,CR,4000.09,UPI/b388ft7ndj5b@okhdfc
28/02/2024,863469,467.34,DR,3532.75,UPI/wpv549lu6tch@axl/P2M/805gvn05@oksbi/AxisBank
28/02/2024,,207.37,DR,3325.38,UPI/71177m7727ty@paytm/P2M/lc5bv7ld@ptbsi/Edara
28/02/2024,,1266.07,DR,2059.31,UPI/lryc928w94mb@oksbi/P2M/ookdazin@ptbsi/Airtel
28/02/2024,380852,910.48,DR,1148.83,UPI/jzbeoy3juyht@oksbi/P2M/gj92cvg8@ptbyl/Paytm
28/02/2024,,820.99,DR,327.84,UPI/un2zchtllme5@oksbi/P2M/putdlf9m@paytm/Paytm
28/02/2024,683073,4041.79,CR,4369.63,UPI/v6pdx3kqxag5@ybl
27/02/2024,686137,514.77,DR,3854.86,UPI/fkef9qp5vdxw@axl/P2M/k9wyo1jb@ptbyl/BigBazaar
27/02/2024,193046,3727.73,CR,7582.59,UPI/hsg1xey3hgic@okaxis
27/02/2024,,845.45,DR,6737.14,UPI/ll8z8tce94s8@axl/P2M/m55d44t4@paytm/Paytm
27/02/2024,731638,1460.21,DR,5276.93,UPI/sctu9yvs0322@okaxis/P2M/llqlqjxb@ptbsi/VENNA
27/02/2024,,768.92,DR,4508.01,UPI/n6m1kvplekwx@axl/P2M/ojiexyrh@paytm/Flipkart
27/02/2024,159474,354.89,DR,4153.12,UPI/naq1bcdseuig@okhdfc/P2M/mx9sayq2@ptbyl/AxisBank
27/02/2024,368770,619.06,DR,3534.06,UPI/snl2qumm6pma@axl/P2M/zk0p6zms@ptbyl/BigBazaar
27/02/2024,,947.0,DR,2587.06,UPI/nrr2w7maw5ng@paytm/P2M/p134jhp0@oksbi/Chala
27/02/2024,,304.86,DR,2282.2,UPI/ylzh2nl1oj8a@okhdfc/P2M/lnhmq9lw@paytm/AxisBank
27/02/2024,,298.3,DR,1983.9,UPI/mm4byth77fc3@okaxis/P2M/dv930z4d@ptbsi/BigBazaar
27/02/2024,350128,2996.15,CR,4980.05,UPI/luy93uwfxpfx@axl
27/02/2024,,840.62,DR,4139.43,UPI/40umiblqf3si@paytm/P2M/1d30sja8@ptbsi/Chala
27/02/2024,,1173.33,CR,5312.76,UPI/am52tn8fv0pq@paytm
26/02/2024,,174.42,DR,5138.34,UPI/lxn5g9pif0v8@okhdfc/P2M/ofyu0abo@oksbi/BigBazaar
26/02/2024,829762,90.81,DR,5047.53,UPI/81va253girbo@paytm/P2M/mkuxd0qj@paytm/Amazon
26/02/2024,,1273.72,DR,3773.81,UPI/c14lnhyc40ju@okaxis/P2M/p55izwrs@ptbyl/Amazon
26/02/2024,,534.19,CR,4308.0,UPI/cabiulte6a7j@okhdfc
26/02/2024,,1493.32,DR,2814.68,UPI/vmbn4f0xi8bv@okhdfc/P2M/nb57tx6y@ptbyl/Airtel
26/02/2024,,919.85,DR,1894.83,UPI/7j1hqw7omddy@okaxis/P2M/pu7flb7u@oksbi/BigBazaar
26/02/2024,,123.97,DR,1770.86,UPI/zb85hjpdafgb@axl/P2M/f9icmv09@oksbi/Paytm
26/02/2024,999322,628.56,DR,1142.3,UPI/9ga661d999xi@paytm/P2M/dndco9fz@oksbi/BigBazaar
26/02/2024,335000,128.8,DR,1013.5,UPI/atuhgxblje7z@ybl/P2M/fkokqztk@paytm/Chala
26/02/2024,240745,197.22,DR,816.28,UPI/ivrof1j8chiq@oksbi/P2M/fpcmbajz@oksbi/BigBazaar
26/02/2024,,4407.47,CR,5223.75,UPI/xbyz75aqjk2y@oksbi
26/02/2024,469255,1396.03,DR,3827.72,UPI/6h7oe96potwo@okhdfc/P2M/5qp0w7uo@oksbi/Flipkart
25/02/2024,,2228.18,CR,6055.9,UPI/eire5xfz4ocf@paytm
25/02/2024,,1357.37,DR,4698.53,UPI/zddhzizu9kku@oksbi/P2M/4hpgeyov@ptbyl/AxisBank
25/02/2024,,993.37,DR,3705.16,UPI/6bft61s587g7@oksbi/P2M/dpzorkxw@ptbsi/Chala
25/02/2024,,89.23,DR,3615.93,UPI/zhm27j5xosa8@axl/P2M/nkbalfvw@ptbsi/Airtel
25/02/2024,671559,24.55,DR,3591.38,UPI/6m1fbkz1vktx@oksbi/P2M/thk9h7q5@oksbi/Edara
25/02/2024,,1089.91,DR,2501.47,UPI/i6nn9todv776@ybl/P2M/b6k3nmbp@oksbi/Amazon
25/02/2024,294937,327.24,DR,2174.23,UPI/cj8p5u8s82ik@okaxis/P2M/gawz10uv@paytm/AxisBank
25/02/2024,,138.8,DR,2035.43,UPI/04dhzpm2sywo@paytm/P2M/88xxukbg@ptbyl/Edara
25/02/2024,,574.38,DR,1461.05,UPI/89cyqy4b6bml@ybl/P2M/fjtubrdg@paytm/Amazon
25/02/2024,273119,885.88,DR,575.17,UPI/6plp9twt77ha@oksbi/P2M/qmtx08ab@ptbsi/Airtel
25/02/2024,,12.92,DR,562.25,UPI/72vfg9k8b2ey@okaxis/P2M/2egjc3a3@paytm/BigBazaar
24/02/2024,,159.62,DR,402.63,UPI/wn4p1jik4ifb@paytm/P2M/wk1gauvd@ptbyl/Paytm
24/02/2024,,1919.22,CR,2321.85,UPI/v8y9uqy7pa5c@oksbi
24/02/2024,748054,4522.93,CR,6844.78,UPI/ksk43s5jhjcy@okaxis
24/02/2024,831905,4509.42,CR,11354.2,UPI/92otbj4gqv0c@oksbi
24/02/2024,,1363.41,DR,9990.79,UPI/zrfzu3kwtc27@oksbi/P2M/bym97l2s@oksbi/AxisBank
24/02/2024,467518,669.35,DR,9321.44,UPI/uq0q9sq6172s@oksbi/P2M/2aijqymy@oksbi/Edara
24/02/2024,,37.93,DR,9283.51,UPI/grg2komiqvsg@paytm/P2M/ce3d9o70@ptbsi/Flipkart
24/02/2024,320758,127.04,DR,9156.47,UPI/m8tf2ona9iif@okhdfc/P2M/2vkyzjfr@ptbsi/VENNA
24/02/2024,,675.53,DR,8480.94,UPI/ypknk6lgyzjx@axl/P2M/7xxxki74@ptbyl/Edara
23/02/2024,,538.05,DR,7942.89,UPI/nz45cvxpk9vm@okhdfc/P2M/aurhdrtf@paytm/Chala
23/02/2024,,230.69,DR,7712.2,UPI/c9zuqvdqnk0z@ybl/P2M/rx1gu2pc@oksbi/Edara
23/02/2024,781439,634.58,DR,7077.62,UPI/rba53onnds9g@paytm/P2M/r7xy0629@ptbyl/AxisBank
23/02/2024,,353.73,DR,6723.89,UPI/vvd8hfdwttbg@ybl/P2M/0g486g50@ptbyl/BigBazaar
23/02/2024,717938,1477.93,DR,5245.96,UPI/rhvwel4bk8co@ybl/P2M/u8krwuv3@ptbyl/Paytm
23/02/2024,,1248.22,DR,3997.74,UPI/jg35f4hkyjqq@okaxis/P2M/h54sf6d3@paytm/Edara
23/02/2024,727126,696.69,DR,3301.05,UPI/5huv87u0lllh@okhdfc/P2M/nb0b5mux@ptbsi/Edara
23/02/2024,,301.48,DR,2999.57,UPI/yfoaf8wkixmb@ybl/P2M/h3udaa6x@ptbsi/Airtel
23/02/2024,417530,898.73,DR,2100.84,UPI/vaetplyrw6ng@paytm/P2M/gvv0mz2y@ptbsi/Edara
23/02/2024,,1053.8,CR,3154.64,UPI/h8e75dfjloyb@okaxis
23/02/2024,,1479.03,DR,1675.61,UPI/0tdujbku6rpv@okhdfc/P2M/o279y689@ptbsi/Airtel
23/02/2024,,1102.93,CR,2778.54,UPI/3nz16lllllwm@okhdfc
23/02/2024,500587,653.31,DR,2125.23,UPI/g2vu6ytdvqar@oksbi/P2M/legawbfx@oksbi/BigBazaar
22/02/2024,227095,691.02,DR,1434.21,UPI/euvhobl5prww@ybl/P2M/3ob552o5@ptbyl/Amazon
22/02/2024,,722.62,DR,711.59,UPI/wjna5cg1tv2s@oksbi/P2M/57ffby9v@ptbyl/VENNA
22/02/2024,,416.08,DR,295.51,UPI/qykz9jsv1g5w@paytm/P2M/edbi43eu@paytm/Chala
22/02/2024,,136.89,DR,158.62,UPI/f8b8t2desumn@oksbi/P2M/pb1l8k4p@oksbi/Paytm
22/02/2024,398312,1321.27,CR,1479.89,UPI/hg6n2m191r9e@axl
22/02/2024,899695,664.17,DR,815.72,UPI/dik26v5jji8t@paytm/P2M/v2zv9jg8@ptbyl/Amazon
22/02/2024,810052,657.08,DR,158.64,UPI/9xkyj3vqxtkw@ybl/P2M/iya9mp22@oksbi/Edara
22/02/2024,302996,136.33,DR,22.31,UPI/zcw3addma929@okhdfc/P2M/kq1hhtdv@oksbi/Flipkart
21/02/2024,,2444.8,CR,2467.11,UPI/ci7r98ve623q@oksbi
21/02/2024,787204,694.88,DR,1772.23,UPI/26kd20k5hc5l@okaxis/P2M/1iq7kmhk@ptbsi/AxisBank
21/02/2024,,1250.77,DR,521.46,UPI/8papya4f6b2l@paytm/P2M/rz4d71l3@paytm/Chala
21/02/2024,,994.48,CR,1515.94,UPI/o0v86zjed2t5@oksbi
21/02/2024,842311,857.45,DR,658.49,UPI/uyngvui7hr2v@okhdfc/P2M/0v2d1qsr@oksbi/VENNA
21/02/2024,,406.96,DR,251.53,UPI/dqmu91xhw0zi@okhdfc/P2M/4xu0djgv@paytm/Flipkart
21/02/2024,,111.06,DR,140.47,UPI/g7co8casrosw@ybl/P2M/fvchxmxa@paytm/Edara
21/02/2024,,3551.33,CR,3691.8,UPI/wmlc2pv4rgnp@axl
21/02/2024,730859,3469.87,CR,7161.67,UPI/x42ux5fyb8u4@ybl
20/02/2024,,4506.33,CR,11668.0,UPI/iwomgnxb4kl0@okhdfc
20/02/2024,,1023.46,DR,10644.54,UPI/e0f2jghw4irs@ybl/P2M/jn41wk3j@ptbsi/Paytm
20/02/2024,,1253.47,DR,9391.07,UPI/322gh3o6nxwv@paytm/P2M/rz5kbqx6@oksbi/AxisBank
20/02/2024,379264,914.72,DR,8476.35,UPI/wstevhp9mit9@ybl/P2M/1jkoufpl@ptbyl/Flipkart
20/02/2024,,2396.13,CR,10872.48,UPI/72rfok3terfm@oksbi
20/02/2024,984958,836.39,DR,10036.09,UPI/owo8dbijzuls@okaxis/P2M/nab22oqq@paytm/VENNA
20/02/2024,,187.49,DR,9848.6,UPI/txu6uaqcrqy0@paytm/P2M/3inu1eqh@ptbsi/VENNA
20/02/2024,,949.13,DR,8899.47,UPI/ttoi7k4a7ddl@ybl/P2M/v4la14dz@ptbyl/Amazon
20/02/2024,548406,420.37,DR,8479.1,UPI/kovs1xcb4xax@oksbi/P2M/wl8zjbqc@paytm/AxisBank
20/02/2024,209905,471.06,DR,8008.04,UPI/phsx343i7fcu@axl/P2M/zijuei0l@ptbyl/AxisBank
20/02/2024,,1273.23,DR,6734.81,UPI/y8nytxsihzjo@ybl/P2M/d0ao83e8@ptbyl/Edara
20/02/2024,,606.51,DR,6128.3,UPI/c6lse37gkwlx@paytm/P2M/cflqa6s3@ptbyl/Chala
20/02/2024,395002,977.13,DR,5151.17,UPI/cmgt950078cy@ybl/P2M/is0mukcw@oksbi/VENNA
19/02/2024,608129,1173.42,DR,3977.75,UPI/8ktz8jlkepvu@okhdfc/P2M/vw6vscnn@oksbi/Chala
19/02/2024,,1142.69,DR,2835.06,UPI/vb45aykmnh5h@ybl/P2M/revtp6l5@ptbsi/Flipkart
19/02/2024,,292.31,DR,2542.75,UPI/21f2br66b96k@okhdfc/P2M/mm1nt79c@oksbi/BigBazaar
19/02/2024,,407.36,DR,2135.39,UPI/iv7r2mpdh57q@axl/P2M/3xm4uuje@paytm/AxisBank
19/02/2024,,899.63,CR,3035.02,UPI/4ws51sanu8zq@okhdfc
19/02/2024,729892,3278.5,CR,6313.52,UPI/fzj6uw1lq3me@ybl
19/02/2024,173373,604.76,DR,5708.76,UPI/mdhdvskqfo0j@okaxis/P2M/zzi6akb5@oksbi/Edara
19/02/2024,,4850.93,CR,10559.69,UPI/koinjtizbaid@okaxis
19/02/2024,,473.65,DR,10086.04,UPI/k9dcmdveczza@okaxis/P2M/az2hxrzh@paytm/Airtel
19/02/2024,,754.07,DR,9331.97,UPI/w1nosuanrapj@oksbi/P2M/1ayocm89@oksbi/Amazon
19/02/2024,,1271.7,DR,8060.27,UPI/kkg245yr4a7n@ybl/P2M/d3k8u6np@ptbyl/Paytm
19/02/2024,,816.5,DR,7243.77,UPI/8jir2nmncru1@okaxis/P2M/e37aa712@oksbi/Paytm
19/02/2024,,54.96,DR,7188.81,UPI/q4poxuc6akjj@ybl/P2M/5mgd1k2z@ptbyl/Paytm
18/02/2024,,1459.73,DR,5729.08,UPI/ld6dkj8khncf@oksbi/P2M/o1fumeyz@ptbyl/VENNA
18/02/2024,,472.06,DR,5257.02,UPI/z6vhtew9dis0@ybl/P2M/214106o4@ptbyl/AxisBank
18/02/2024,857925,380.16,DR,4876.86,UPI/rrdxi93ge3s4@oksbi/P2M/cacm0oq6@paytm/BigBazaar
18/02/2024,370420,482.29,DR,4394.57,UPI/v68nrjlpf8ya@oksbi/P2M/5i4fr6mn@ptbyl/AxisBank
18/02/2024,,638.68,DR,3755.89,UPI/b250qk869612@paytm/P2M/lvn0qwp3@paytm/Chala
18/02/2024,,1162.89,DR,2593.0,UPI/08cysy9xrzmd@paytm/P2M/fmiclrmw@ptbsi/Edara
18/02/2024,,110.21,DR,2482.79,UPI/frqpeb5a8u5v@axl/P2M/mu89verj@ptbyl/Paytm
18/02/2024,,1148.01,DR,1334.78,UPI/2t5yb8tktj01@paytm/P2M/x47ykp53@paytm/Edara
18/02/2024,,1034.44,CR,2369.22,UPI/llsfeau57zed@axl
18/02/2024,759149,589.65,DR,1779.57,UPI/0zh5sq0vp6iy@okaxis/P2M/8wz211zm@ptbyl/BigBazaar
18/02/2024,,2748.41,CR,4527.98,UPI/6y8kkmota6fn@okaxis
18/02/2024,,707.82,DR,3820.16,UPI/dar2mk6e6ue6@paytm/P2M/zclqnea4@paytm/BigBazaar
18/02/2024,,1485.64,DR,2334.52,UPI/y92jc0sp7o81@paytm/P2M/kig5pzwi@paytm/Chala
17/02/2024,,674.24,DR,1660.28,UPI/nfjcyeecoyyk@axl/P2M/zzqnyp6v@oksbi/VENNA
17/02/2024,361838,287.39,CR,1947.67,UPI/tcgbfcdubhhh@ybl
17/02/2024,,138.15,DR,1809.52,UPI/beya2q1vi215@paytm/P2M/ompihqlm@ptbsi/Edara
17/02/2024,463217,360.8,DR,1448.72,UPI/okahthy5j8lv@okhdfc/P2M/46atp6og@ptbsi/BigBazaar
17/02/2024,,162.73,DR,1285.99,UPI/nplpz6q1oc1s@paytm/P2M/zya0uftn@ptbsi/Flipkart
17/02/2024,,742.84,DR,543.15,UPI/mg6j7y5szzaj@okhdfc/P2M/plngp4vv@oksbi/BigBazaar
17/02/2024,888586,686.78,CR,1229.93,UPI/ktjgna779vzf@axl
17/02/2024,587612,403.68,DR,826.25,UPI/58a6by9x1doa@okhdfc/P2M/vne1focm@paytm/BigBazaar
17/02/2024,,539.34,DR,286.91,UPI/wj8rnzytdz7v@oksbi/P2M/1yjbjjaz@oksbi/VENNA
16/02/2024,,1752.73,CR,2039.64,UPI/78f9ogpoefio@oksbi
16/02/2024,,913.32,DR,1126.32,UPI/0s18cfzhpkjb@oksbi/P2M/juxlhraz@ptbsi/AxisBank
16/02/2024,690068,965.91,DR,160.41,UPI/ut3citdf69xv@axl/P2M/0n4w5gs9@ptbsi/Paytm
16/02/2024,,92.45,DR,67.96,UPI/vetcojuxkzjo@axl/P2M/3v6pg6yd@ptbsi/Amazon
16/02/2024,738304,4191.18,CR,4259.14,UPI/hmyzf0gidkjd@paytm
16/02/2024,843439,610.03,DR,3649.11,UPI/uee4zgvguzqv@okaxis/P2M/iak7a2vl@paytm/Airtel
16/02/2024,766452,3155.41,CR,6804.52,UPI/wfx2opbbkb5p@okaxis
16/02/2024,,495.06,DR,6309.46,UPI/5pvl83z3sbq7@ybl/P2M/djn9q9g9@ptbsi/Flipkart
16/02/2024,235797,918.72,DR,5390.74,UPI/kcs3iyqnbb25@okhdfc/P2M/dosf4kh4@ptbsi/Airtel
16/02/2024,220129,1179.85,DR,4210.89,UPI/1fjlph504gg3@okaxis/P2M/hr30kxjd@ptbyl/Edara
15/02/2024,490709,120.56,DR,4090.33,UPI/lf2qu8ukrrj7@axl/P2M/ax6hg6ia@ptbyl/Paytm
15/02/2024,,982.29,DR,3108.04,UPI/napy7k4vfdtp@okhdfc/P2M/1coh9ux8@paytm/Airtel
15/02/2024,,1073.22,DR,2034.82,UPI/6c0u555so1da@okaxis/P2M/df7r8itm@ptbsi/BigBazaar
15/02/2024,635811,1122.19,DR,912.63,UPI/eznhcaud3dtu@axl/P2M/ntagbnad@paytm/VENNA
15/02/2024,,540.46,CR,1453.09,UPI/gd6lf4aus9jr@ybl
15/02/2024,,2141.56,CR,3594.65,UPI/938qqygy5kq4@okaxis
15/02/2024,780103,443.79,DR,3150.86,UPI/wzbb3nbp1sxq@axl/P2M/4d0c14z5@ptbyl/VENNA
15/02/2024,,1397.88,DR,1752.98,UPI/ptj7aeu6lmh3@okhdfc/P2M/o2nqkkng@ptbsi/Airtel
15/02/2024,,844.11,DR,908.87,UPI/gh1i17vkbyjq@ybl/P2M/zx3j01re@ptbyl/Airtel
15/02/2024,,280.64,DR,628.23,UPI/xlhrc21f3eax@okaxis/P2M/qvr6cx75@ptbsi/BigBazaar
15/02/2024,307822,138.28,DR,489.95,UPI/ri9mypts68m0@paytm/P2M/fndvynaq@ptbyl/Flipkart
14/02/2024,947724,2964.39,CR,3454.34,UPI/68mqxmsj0am7@axl
14/02/2024,390276,3451.81,CR,6906.15,UPI/m2u5ndw9pwu2@axl
14/02/2024,,1128.46,DR,5777.69,UPI/qt48oun3u79d@okaxis/P2M/ifzbhy18@ptbsi/AxisBank
14/02/2024,,367.65,DR,5410.04,UPI/1rv8l2yqq2xg@paytm/P2M/dnxlm9sx@ptbsi/Airtel
14/02/2024,,619.43,DR,4790.61,UPI/fmfp46cazmrp@ybl/P2M/boblqr9x@ptbsi/Amazon
14/02/2024,590001,921.76,DR,3868.85,UPI/pank0s5qfvtk@paytm/P2M/roxwzb7n@oksbi/VENNA
14/02/2024,686224,780.31,DR,3088.54,UPI/stcsjooeylib@oksbi/P2M/9xfng5vi@paytm/Airtel
14/02/2024,,216.69,DR,2871.85,UPI/qty9c0rt1027@okhdfc/P2M/e7hdwxpr@paytm/Chala
14/02/2024,,802.35,DR,2069.5,UPI/pt8eaegsp6vu@paytm/P2M/uxkhqn89@paytm/Amazon
14/02/2024,634704,1172.45,DR,897.05,UPI/3jbup7wg470m@okaxis/P2M/o9ju61jh@ptbsi/Airtel
14/02/2024,472133,247.45,DR,649.6,UPI/6xpki7te5teq@okhdfc/P2M/kjo7y5aj@ptbsi/BigBazaar
13/02/2024,,124.57,DR,525.03,UPI/6m7pb53mjl3b@axl/P2M/labjfv3h@ptbsi/BigBazaar
13/02/2024,,444.68,DR,80.35,UPI/02nm0p6tlf4i@okaxis/P2M/okfoxmne@ptbsi/Flipkart
13/02/2024,,54.41,DR,25.94,UPI/tuffgno6n9of@oksbi/P2M/7smb2kb4@oksbi/Flipkart
12/02/2024,227196,4785.86,CR,4811.8,UPI/txiaehx87pay@oksbi
12/02/2024,,1487.11,DR,3324.69,UPI/pp8c9qm1don1@axl/P2M/r48oi4v1@oksbi/Chala
12/02/2024,,1115.01,DR,2209.68,UPI/hqsol13wr58k@axl/P2M/4un10u0q@paytm/AxisBank
12/02/2024,,135.13,DR,2074.55,UPI/bom3x5uozrsr@okhdfc/P2M/ngqe5hh9@ptbyl/VENNA
12/02/2024,493483,82.51,DR,1992.04,UPI/788ltspfrpvt@okaxis/P2M/4ogkqp0g@oksbi/Paytm
12/02/2024,,961.14,DR,1030.9,UPI/9pfnly0y8ylm@paytm/P2M/gxqaq4f0@paytm/BigBazaar
12/02/2024,514983,170.97,CR,1201.87,UPI/mtmlfcey2jhg@okhdfc
12/02/2024,,1100.75,DR,101.12,UPI/j9lb176cz709@ybl/P2M/soz9urz8@ptbyl/VENNA
12/02/2024,966361,84.29,DR,16.83,UPI/uff9aqt3vbz9@axl/P2M/ns4y7g5h@oksbi/BigBazaar
12/02/2024,,3484.98,CR,3501.81,UPI/7hwn4qituwzw@axl
12/02/2024,,833.47,DR,2668.34,UPI/hkpu9hq99wk0@ybl/P2M/s4xycr50@oksbi/Amazon
12/02/2024,381845,985.49,DR,1682.85,UPI/xfgl1v8tkh8u@paytm/P2M/cby2wcem@paytm/Chala
11/02/2024,,299.36,DR,1383.49,UPI/0kro6yhb7vxd@axl/P2M/x7kz2dc5@oksbi/Airtel
11/02/2024,,468.3,DR,915.19,UPI/ieos9m0ubc5c@oksbi/P2M/62xsw3bx@oksbi/Edara
11/02/2024,858479,4869.13,CR,5784.32,UPI/14jqormg9jco@okaxis
11/02/2024,802789,1324.16,DR,4460.16,UPI/qc7qpe4dyqxl@axl/P2M/7ja0q38p@ptbsi/Paytm
11/02/2024,,729.72,DR,3730.44,UPI/wu5cvpk8e1ov@axl/P2M/9eokhaz9@ptbsi/Airtel
11/02/2024,656122,142.36,DR,3588.08,UPI/vmj1sdiqr72p@paytm/P2M/gvtzexcn@paytm/Chala
11/02/2024,,756.06,DR,2832.02,UPI/jdim26brrfkq@paytm/P2M/6fl95yw1@oksbi/Airtel
11/02/2024,,709.1,DR,2122.92,UPI/wd3r7ul3anrt@okaxis/P2M/bwlrpv1v@oksbi/Chala
11/02/2024,859796,122.64,DR,2000.28,UPI/5txhfwjcfweb@oksbi/P2M/80nzwdxd@ptbsi/Edara
11/02/2024,832423,1460.62,DR,539.66,UPI/j5t36i0o5omk@oksbi/P2M/xyk0qi2b@oksbi/Edara
10/02/2024,,2294.51,CR,2834.17,UPI/abo0y8cxr3zn@paytm
10/02/2024,909305,206.06,DR,2628.11,UPI/gkb4lx6e2p8m@ybl/P2M/8ts88imw@ptbyl/Amazon
10/02/2024,,1240.17,DR,1387.94,UPI/3mm66t4foyoq@oksbi/P2M/v2ir4cnv@ptbyl/Edara
10/02/2024,334427,431.38,DR,956.56,UPI/s1qeala9d563@ybl/P2M/6ksphk15@oksbi/Flipkart
10/02/2024,249204,459.55,DR,497.01,UPI/84jgssiyhh6z@ybl/P2M/q0oqycuu@ptbsi/Airtel
10/02/2024,791129,76.57,DR,420.44,UPI/5yvvp8020r01@okaxis/P2M/6op6oxxj@ptbyl/Edara
10/02/2024,,368.52,DR,51.92,UPI/n5my4oappr6y@axl/P2M/pyjsbiu5@ptbsi/BigBazaar
10/02/2024,,732.06,CR,783.98,UPI/bdex619hpgvf@okhdfc
10/02/2024,,318.26,DR,465.72,UPI/tv34r0d2e6hr@ybl/P2M/m5s2800m@ptbyl/Edara
09/02/2024,980711,240.18,DR,225.54,UPI/zz9m8g36g25t@oksbi/P2M/vs3p1fuh@paytm/VENNA
09/02/2024,,471.44,CR,696.98,UPI/td7g8tes7hus@paytm
09/02/2024,258697,226.05,CR,923.03,UPI/owoq0s3i68l3@paytm
09/02/2024,594140,123.11,DR,799.92,UPI/y5c78crl7ch7@oksbi/P2M/mam9yh63@oksbi/Paytm
08/02/2024,611648,1592.28,CR,2392.2,UPI/8nlqcndd2gpg@oksbi
08/02/2024,,3392.66,CR,5784.86,UPI/j43lw6qob6z6@paytm
08/02/2024,537994,802.54,DR,4982.32,UPI/78po76eldab2@okhdfc/P2M/q40xeryr@ptbsi/Airtel
08/02/2024,,130.4,DR,4851.92,UPI/6maubkys59yb@okhdfc/P2M/ds8m08ql@ptbyl/Flipkart
08/02/2024,,541.92,DR,4310.0,UPI/82as69o547zv@okhdfc/P2M/nwy5m4s8@paytm/BigBazaar
08/02/2024,,1423.81,DR,2886.19,UPI/od8ow8fc6x1b@okaxis/P2M/fq41nayw@oksbi/Amazon
08/02/2024,,1094.75,DR,1791.44,UPI/t5afy1emp0uk@okhdfc/P2M/7t096c8a@ptbsi/Edara
08/02/2024,,1310.18,DR,481.26,UPI/7l8lzyps7ll5@ybl/P2M/kvbxsq00@paytm/BigBazaar
08/02/2024,,235.1,DR,246.16,UPI/8kk8riod93kw@axl/P2M/02ahok6o@paytm/Flipkart
08/02/2024,573196,218.61,DR,27.55,UPI/wev9nslrpoqd@okhdfc/P2M/c17ky95i@paytm/Edara
07/02/2024,,633.1,CR,660.65,UPI/uuk2awt9pe1p@axl
07/02/2024,,1927.75,CR,2588.4,UPI/wv1707lg1mrs@ybl
07/02/2024,,1184.18,DR,1404.22,UPI/1xvw4eh31r0o@ybl/P2M/que21gfe@paytm/Airtel
07/02/2024,,1333.26,DR,70.96,UPI/j73mv7h0xiq7@okhdfc/P2M/9m17wdq8@ptbsi/BigBazaar
06/02/2024,,4107.27,CR,4178.23,UPI/ucbibuygmxme@axl
06/02/2024,,1365.21,DR,2813.02,UPI/sxnclhu7uhjb@axl/P2M/8880kozn@oksbi/Edara
06/02/2024,,533.89,CR,3346.91,UPI/1788b0bxmr6b@axl
06/02/2024,,209.7,DR,3137.21,UPI/7a1lazi6yobp@okaxis/P2M/4mvs3ego@ptbsi/AxisBank
06/02/2024,,1323.62,DR,1813.59,UPI/ytezgw4svyh1@paytm/P2M/nkvhm9xw@paytm/Chala
06/02/2024,438550,794.08,DR,1019.51,UPI/hy3d0xcu3nyi@okhdfc/P2M/mknjsyyx@oksbi/Flipkart
06/02/2024,,844.39,DR,175.12,UPI/acyictf9qlka@okhdfc/P2M/egjqea0g@ptbsi/Flipkart
06/02/2024,,131.79,DR,43.33,UPI/xb458npfizt9@axl/P2M/y7jisjqg@paytm/Chala
04/02/2024,,1155.44,CR,1198.77,UPI/xolfbcjqpr39@okhdfc
04/02/2024,,3980.14,CR,5178.91,UPI/x3ewnly8q1b1@oksbi
04/02/2024,748794,601.92,DR,4576.99,UPI/iaeb1u5ixmb3@oksbi/P2M/hgizh80n@paytm/BigBazaar
04/02/2024,,1016.94,DR,3560.05,UPI/ng6jb1ec4fx7@paytm/P2M/p74kbm08@ptbsi/Flipkart
04/02/2024,736261,405.13,DR,3154.92,UPI/d5mp7zogfaea@okaxis/P2M/kirkni7q@paytm/VENNA
03/02/2024,,14.34,DR,3140.58,UPI/waugh9zf552s@paytm/P2M/l3bnvrto@ptbyl/Paytm
03/02/2024,,979.3,DR,2161.28,UPI/zvmxqa60yp8j@okaxis/P2M/gupu0or4@ptbyl/Amazon
03/02/2024,,1230.02,DR,931.26,UPI/s9jez1iegz0f@axl/P2M/posbzxqx@ptbsi/Paytm
03/02/2024,500319,77.71,DR,853.55,UPI/1d3kqcej4yzp@oksbi/P2M/8w5p1ewf@oksbi/Amazon
03/02/2024,426149,3550.43,CR,4403.98,UPI/9xkcsseby4f4@axl
03/02/2024,202205,319.17,DR,4084.81,UPI/8n9jz8bl1wfo@ybl/P2M/9nmuh5nc@ptbyl/Paytm
03/02/2024,988862,707.31,DR,3377.5,UPI/l5lsdslta98m@okaxis/P2M/usf5f27j@ptbyl/Amazon
03/02/2024,,282.82,DR,3094.68,UPI/v7mqt3ukxzue@okhdfc/P2M/6ock7p15@oksbi/Flipkart
03/02/2024,,612.83,DR,2481.85,UPI/5hyv3jfvzkc3@paytm/P2M/38vdbomc@paytm/Chala
03/02/2024,,744.64,DR,1737.21,UPI/j5zoniscv2tr@okaxis/P2M/z6exd38v@paytm/Airtel
03/02/2024,548671,525.46,DR,1211.75,UPI/e6fqlwymx1rk@okhdfc/P2M/42rj90ly@ptbsi/AxisBank
02/02/2024,303166,2837.85,CR,4049.6,UPI/le15k6enxotv@okaxis
02/02/2024,332522,580.23,DR,3469.37,UPI/x7qmez8fdt3x@axl/P2M/61pff8it@ptbyl/Chala
02/02/2024,223878,1465.94,DR,2003.43,UPI/h3xzloc52bwq@okhdfc/P2M/15nw4hbt@paytm/Chala
02/02/2024,650576,433.36,DR,1570.07,UPI/elcy8kmvu45q@oksbi/P2M/6d6tg3r0@ptbyl/VENNA
02/02/2024,794190,624.4,DR,945.67,UPI/6jzlbvqhs4ey@oksbi/P2M/f0u8q7m8@oksbi/Paytm
02/02/2024,,1306.59,CR,2252.26,UPI/zjhrfa63zns0@okaxis
02/02/2024,419284,1175.59,DR,1076.67,UPI/qdke6c8hsnba@axl/P2M/5y3zah4u@oksbi/Edara
02/02/2024,,428.53,DR,648.14,UPI/894uss0dy4u4@axl/P2M/v9c1f4o3@oksbi/VENNA
02/02/2024,,2908.53,CR,3556.67,UPI/j5ztmr0do1qw@paytm
02/02/2024,,68.47,DR,3488.2,UPI/znqjctdak8gv@oksbi/P2M/gcywoqv5@ptbyl/Edara
01/02/2024,,947.46,DR,2540.74,UPI/0s7v06riejgc@ybl/P2M/1au5t2n2@ptbyl/VENNA
01/02/2024,585833,624.79,DR,1915.95,UPI/x6dx5xu9x8xw@axl/P2M/qz5q2zs9@ptbyl/Edara
01/02/2024,,1305.35,DR,610.6,UPI/d0b68es06s03@paytm/P2M/0b3nbb2i@ptbyl/Chala
01/02/2024,,4332.47,CR,4943.07,UPI/j00djlr1htte@ybl
01/02/2024,505272,644.14,CR,5587.21,UPI/hy8a2dzq4642@okhdfc
01/02/2024,701871,402.64,DR,5184.57,UPI/houhx20ppgzv@okaxis/P2M/4v2zpo8o@paytm/Airtel
01/02/2024,850572,578.42,DR,4606.15,UPI/jyjq1usyirxm@oksbi/P2M/ztzhv1c1@ptbyl/Edara
01/02/2024,,732.87,DR,3873.28,UPI/avg5v8239gzk@ybl/P2M/0i45a1ij@ptbsi/VENNA
01/02/2024,,1244.75,DR,2628.53,UPI/k61rramurwx9@ybl/P2M/7fbldjk9@ptbsi/AxisBank
01/02/2024,,1169.46,DR,1459.07,UPI/c55ic4hh5xe1@paytm/P2M/esxn9b1l@ptbyl/Chala
01/02/2024,,1148.23,DR,310.84,UPI/up9b6c4yts87@okaxis/P2M/9ynucjjv@oksbi/Airtel
31/01/2024,512444,1531.09,CR,1841.93,UPI/4gfhn85wc7sm@axl
31/01/2024,,68.11,DR,1773.82,UPI/h44gvrn56cmh@okaxis/P2M/zqu99rpr@ptbsi/VENNA
31/01/2024,279250,381.9,DR,1391.92,UPI/0y53pxiha8tt@ybl/P2M/z5ua1l19@ptbyl/Edara
31/01/2024,,47.41,DR,1344.51,UPI/b83e3vgkg872@ybl/P2M/ok09s9tn@ptbyl/AxisBank
31/01/2024,,3666.18,CR,5010.69,UPI/m2gf357mtvex@paytm
31/01/2024,,1471.63,DR,3539.06,UPI/4vgxjbun22w7@paytm/P2M/8qjf5jlo@oksbi/AxisBank
31/01/2024,,266.15,DR,3272.91,UPI/80262yhmjnor@oksbi/P2M/szqsv9y8@paytm/BigBazaar
31/01/2024,306390,695.89,DR,2577.02,UPI/cyei80svlnqh@paytm/P2M/r8lfxe75@paytm/Paytm
31/01/2024,708667,388.04,DR,2188.98,UPI/biwq726ry3r7@okhdfc/P2M/in6onwmr@oksbi/BigBazaar
31/01/2024,,120.6,DR,2068.38,UPI/4azgciy0rich@okhdfc/P2M/pzyjym4r@paytm/Airtel
31/01/2024,,3121.73,CR,5190.11,UPI/ykorxjn5sptl@ybl
30/01/2024,615778,591.75,DR,4598.36,UPI/bp07vgh3z6kz@okaxis/P2M/gqcwonsx@oksbi/Airtel
30/01/2024,,1112.32,DR,3486.04,UPI/fc4xrere8v78@axl/P2M/eaaje24v@ptbsi/Airtel
30/01/2024,660733,4047.77,CR,7533.81,UPI/3of9bdxsjy2m@oksbi
30/01/2024,529109,761.17,DR,6772.64,UPI/6q4y7sd7igug@paytm/P2M/7xo4aviz@paytm/Airtel
30/01/2024,971265,1315.02,CR,8087.66,UPI/8j6pwdllv0et@okhdfc
30/01/2024,,1460.19,DR,6627.47,UPI/rcjuh5incdnu@axl/P2M/xkxsf2tl@ptbyl/VENNA
30/01/2024,434804,926.59,DR,5700.88,UPI/wd3old1cprzl@okhdfc/P2M/yzmy6zi4@ptbsi/Chala
30/01/2024,,1214.07,DR,4486.81,UPI/rlvovp9di1bw@okhdfc/P2M/pa5scsby@ptbyl/Amazon
30/01/2024,,1440.33,DR,3046.48,UPI/6tl3hc8m7g1z@oksbi/P2M/uejlrvqi@ptbyl/Edara
30/01/2024,892959,986.65,DR,2059.83,UPI/5794w5jwx2mq@paytm/P2M/x243fsn5@ptbsi/VENNA
30/01/2024,617819,246.3,DR,1813.53,UPI/wbzgbsarozb8@axl/P2M/xwjh48zv@paytm/AxisBank
30/01/2024,,792.46,DR,1021.07,UPI/1b51saq4xaxp@oksbi/P2M/xyhvblwn@ptbsi/Amazon
29/01/2024,800823,545.86,CR,1566.93,UPI/guljskif0l3f@okhdfc
29/01/2024,,1384.61,DR,182.32,UPI/azb0umk9rlyi@okaxis/P2M/b07f7dbr@ptbsi/Flipkart
28/01/2024,,1680.42,CR,1862.74,UPI/gf5k5ur9mtl5@ybl
28/01/2024,,840.01,DR,1022.73,UPI/z46lix5mf6m3@paytm/P2M/1ww5gbuf@ptbyl/Airtel
28/01/2024,,168.96,CR,1191.69,UPI/ekh1gx1n93rb@ybl
28/01/2024,,334.8,DR,856.89,UPI/eb560f6sif8n@axl/P2M/x0nsy0hj@oksbi/Chala
28/01/2024,,4062.93,CR,4919.82,UPI/ycbze0794r9q@paytm
28/01/2024,,1019.67,DR,3900.15,UPI/h8ehjmk7x4ha@paytm/P2M/rqilj441@ptbsi/Edara
28/01/2024,251019,883.33,DR,3016.82,UPI/p3ai4noq6r0m@axl/P2M/zotdutv4@paytm/AxisBank
28/01/2024,,424.89,DR,2591.93,UPI/5jyqgj3b15zd@paytm/P2M/151hph84@paytm/Flipkart
28/01/2024,,632.27,DR,1959.66,UPI/ke8guikxvi04@okaxis/P2M/atywjujd@ptbsi/VENNA
28/01/2024,,381.39,DR,1578.27,UPI/bt016dt2dxvb@paytm/P2M/r4cr5kdf@oksbi/Paytm
27/01/2024,,318.48,DR,1259.79,UPI/uuqj9ry8c9qw@okhdfc/P2M/ylet2vuy@oksbi/Flipkart
27/01/2024,,604.17,DR,655.62,UPI/qu92fvbztph9@paytm/P2M/uc1rd5lf@ptbsi/Paytm
27/01/2024,,591.56,DR,64.06,UPI/mt430w7p797n@oksbi/P2M/hdru8nnj@paytm/VENNA
27/01/2024,935024,53.13,DR,10.93,UPI/62iiwlshg4m9@okaxis/P2M/d0w36o0e@paytm/AxisBank
26/01/2024,465618,1569.32,CR,1580.25,UPI/m6p7l1038lfb@okhdfc
26/01/2024,664348,2197.69,CR,3777.94,UPI/hl22j0sc29e4@okhdfc
26/01/2024,,4499.44,CR,8277.38,UPI/746wbqzvtflg@okaxis
26/01/2024,,1485.93,DR,6791.45,UPI/a4ilqc0p9if8@paytm/P2M/uxu39dbt@paytm/VENNA
26/01/2024,707290,1045.32,DR,5746.13,UPI/mfjk4z9dt1m3@oksbi/P2M/w5aaihyj@ptbsi/Airtel
26/01/2024,444773,724.8,DR,5021.33,UPI/9krohqc11nct@axl/P2M/pbyxb8we@ptbyl/Airtel
26/01/2024,651695,789.32,DR,4232.01,UPI/36c6i5r7pkam@okaxis/P2M/s4vb2tav@ptbyl/BigBazaar
26/01/2024,449912,1136.36,DR,3095.65,UPI/n0tp6pesk3rp@okaxis/P2M/fl00877y@paytm/Airtel
26/01/2024,,714.47,DR,2381.18,UPI/svt519xendlr@okaxis/P2M/1r9ttgz7@oksbi/Airtel
26/01/2024,,821.09,DR,1560.09,UPI/3vl4074uch1r@ybl/P2M/zh337puf@oksbi/AxisBank
26/01/2024,970540,1001.35,DR,558.74,UPI/mnwzda91mvru@okaxis/P2M/l7kiumoz@ptbsi/Amazon
25/01/2024,,1254.78,CR,1813.52,UPI/57hgib3y1dry@paytm
25/01/2024,833547,444.07,CR,2257.59,UPI/e98yq60fphe9@paytm
25/01/2024,940196,269.86,DR,1987.73,UPI/avulmv4m8a19@axl/P2M/mjnvs431@oksbi/Airtel
25/01/2024,,531.88,DR,1455.85,UPI/9iokr13yo1nx@ybl/P2M/p00erwf7@paytm/VENNA
25/01/2024,,1846.91,CR,3302.76,UPI/qahhnsi9va5w@okaxis
25/01/2024,904712,867.51,DR,2435.25,UPI/mlnbx6vjn31r@paytm/P2M/54ujas87@paytm/Chala
25/01/2024,,468.16,DR,1967.09,UPI/m4rtgep4c8am@ybl/P2M/993w0z4t@paytm/Airtel
25/01/2024,,1488.71,DR,478.38,UPI/ise5juvmjm6u@okaxis/P2M/a5qfj927@ptbyl/Chala
25/01/2024,,1014.04,CR,1492.42,UPI/cgmf50lx719c@okhdfc
25/01/2024,,361.52,DR,1130.9,UPI/0at8ftrn4d7w@ybl/P2M/bqyhxq40@oksbi/BigBazaar
24/01/2024,222858,331.73,DR,799.17,UPI/5e11gbq3snom@oksbi/P2M/luz8szqh@ptbyl/Chala
24/01/2024,,845.62,CR,1644.79,UPI/ykx53brncczb@oksbi
24/01/2024,,586.36,DR,1058.43,UPI/g88xkjwp0q82@paytm/P2M/w7o558sc@ptbsi/Chala
24/01/2024,713932,958.84,DR,99.59,UPI/qe2pe2d4rlyp@axl/P2M/jz1ocoq6@ptbyl/BigBazaar
24/01/2024,,2652.41,CR,2752.0,UPI/4dv1bcqx3r1t@paytm
24/01/2024,,1397.71,DR,1354.29,UPI/2umq9ecrx0az@ybl/P2M/02aptppy@ptbyl/Paytm
23/01/2024,,895.12,DR,459.17,UPI/hnlm2mmx55a1@axl/P2M/43kshmfk@ptbyl/AxisBank
23/01/2024,188799,101.8,DR,357.37,UPI/ktalom8totbu@paytm/P2M/cf5h0u4b@paytm/Chala
23/01/2024,,54.04,DR,303.33,UPI/9t2ejekqan0g@oksbi/P2M/kft7fnt2@oksbi/Amazon
22/01/2024,,17.61,DR,285.72,UPI/mw315u3bhger@okaxis/P2M/fpbnjqpw@ptbsi/Flipkart
22/01/2024,685485,272.52,DR,13.2,UPI/t7blfqu9xz9f@okaxis/P2M/qln4j9ie@ptbyl/Flipkart
21/01/2024,,2033.06,CR,2046.26,UPI/4rweb9wm362y@okhdfc
21/01/2024,,1384.66,DR,661.6,UPI/a3bxjige49hy@ybl/P2M/wto44zre@ptbsi/Edara
21/01/2024,,51.3,DR,610.3,UPI/edq59doo6faw@axl/P2M/k136suii@ptbyl/BigBazaar
21/01/2024,,213.91,DR,396.39,UPI/qsm8tp31x1ei@okhdfc/P2M/gedcxanr@oksbi/AxisBank
21/01/2024,,293.54,DR,102.85,UPI/2h0roqkjc79n@okhdfc/P2M/bhzez6ew@ptbyl/Amazon
21/01/2024,,1289.26,CR,1392.11,UPI/tf3s3pmjfj5s@paytm
21/01/2024,901945,887.54,DR,504.57,UPI/xj7nr4vdgn2b@ybl/P2M/gq17ra4w@ptbyl/Amazon
21/01/2024,,40.09,DR,464.48,UPI/fl1a2hl2dkpl@okhdfc/P2M/9te5b7dy@oksbi/VENNA
21/01/2024,127532,339.1,DR,125.38,UPI/sit8z7myt82q@okhdfc/P2M/d9eegyk2@ptbyl/BigBazaar
20/01/2024,502380,420.82,CR,546.2,UPI/gf7ev6p3i64w@okaxis
20/01/2024,,4565.3,CR,5111.5,UPI/prnsob07orew@ybl
20/01/2024,,739.59,DR,4371.91,UPI/162y9zssqvjz@axl/P2M/67u96vwg@paytm/BigBazaar
20/01/2024,,1303.97,DR,3067.94,UPI/7ah2f1usq1s5@okhdfc/P2M/5lalwo06@ptbsi/BigBazaar
20/01/2024,452804,759.29,DR,2308.65,UPI/ehzoigrobph0@axl/P2M/0o7nj45y@ptbyl/BigBazaar
20/01/2024,,43.55,DR,2265.1,UPI/64ggxpayiibn@axl/P2M/yxcy0k6e@ptbsi/Amazon
20/01/2024,125474,402.64,DR,1862.46,UPI/uim4d83ayi5i@okhdfc/P2M/p69ss5in@ptbsi/Paytm
20/01/2024,,765.7,DR,1096.76,UPI/04y8ivb7z1c8@okaxis/P2M/5ogcdszm@oksbi/BigBazaar
19/01/2024,224411,152.11,DR,944.65,UPI/pdao8g4ksjt3@oksbi/P2M/etex8nhg@oksbi/Amazon
19/01/2024,,1464.52,CR,2409.17,UPI/jznnct7o5x2i@ybl
19/01/2024,,454.21,DR,1954.96,UPI/pq41p16aa9zz@axl/P2M/qmtyl4ot@ptbyl/AxisBank
19/01/2024,515215,633.46,DR,1321.5,UPI/32n52uu29a17@okaxis/P2M/4ypyt6gx@ptbyl/BigBazaar
19/01/2024,702519,552.64,DR,768.86,UPI/kbw8d73hvggh@okaxis/P2M/sh9wz97d@ptbsi/AxisBank
19/01/2024,,108.84,DR,660.02,UPI/so33x64knmck@paytm/P2M/1eeqa3cu@ptbyl/Flipkart
19/01/2024,991968,416.77,DR,243.25,UPI/fwqrnga5e4sl@okhdfc/P2M/5oy6gbqa@ptbsi/Chala
19/01/2024,,241.66,DR,1.59,UPI/24kl2xolqacc@ybl/P2M/onlccb3w@ptbyl/Airtel
18/01/2024,422950,166.53,CR,168.12,UPI/hwsm9yx32koq@oksbi
18/01/2024,,105.88,DR,62.24,UPI/y65k7yhlzp40@oksbi/P2M/477e6t81@ptbyl/AxisBank
17/01/2024,,2629.85,CR,2692.09,UPI/2kxtk9q4xana@oksbi
16/01/2024,282048,1143.07,DR,1549.02,UPI/o7jj3lbahytf@oksbi/P2M/gsmi6cf5@ptbyl/Chala
16/01/2024,762210,666.99,DR,882.03,UPI/dfpkalmfdn83@ybl/P2M/ql3g32tb@oksbi/VENNA
16/01/2024,332445,512.18,DR,369.85,UPI/k7g2qry1wnus@ybl/P2M/aq9l6qf5@paytm/Edara
16/01/2024,496313,91.4,DR,278.45,UPI/ivnphzg5goaz@okhdfc/P2M/qwsyu7ef@paytm/BigBazaar
16/01/2024,,149.69,DR,128.76,UPI/g7tycoll47s4@okaxis/P2M/olpn1arb@ptbsi/VENNA
16/01/2024,,20.96,DR,107.8,UPI/5k5183ul6qnz@okaxis/P2M/ldatsubb@oksbi/Paytm
15/01/2024,112502,798.7,CR,906.5,UPI/6egob5zeysp6@okhdfc
15/01/2024,179856,4793.13,CR,5699.63,UPI/ou1qsp4hl4qc@oksbi
15/01/2024,,704.74,DR,4994.89,UPI/fw09auljg3jr@oksbi/P2M/2blr2dxd@oksbi/VENNA
15/01/2024,229327,1189.92,DR,3804.97,UPI/70kfhlnf6zsj@axl/P2M/x7kcw2p3@oksbi/AxisBank
15/01/2024,,158.21,DR,3646.76,UPI/lnzjzwfnyl59@axl/P2M/ulhr62u2@oksbi/Airtel
15/01/2024,829113,1144.62,DR,2502.14,UPI/gbiv9q9c3waf@axl/P2M/non68xlh@oksbi/AxisBank
15/01/2024,,3989.29,CR,6491.43,UPI/bcgei8pknxsy@axl
15/01/2024,824724,72.36,DR,6419.07,UPI/ikccx11f00v2@oksbi/P2M/ymhjm3q0@oksbi/Flipkart
15/01/2024,,742.17,DR,5676.9,UPI/ilq8dv2u3plt@ybl/P2M/7qoftfqi@oksbi/Airtel
15/01/2024,617240,174.35,DR,5502.55,UPI/f7xmi8ex97i0@paytm/P2M/62kwckjw@paytm/Flipkart
14/01/2024,583493,882.99,DR,4619.56,UPI/17zneglxekj5@axl/P2M/paxvhj4s@paytm/Chala
14/01/2024,136503,4033.44,CR,8653.0,UPI/dadtvedeln9i@okaxis
14/01/2024,,750.48,DR,7902.52,UPI/00dtjd5q16nt@paytm/P2M/hyp4yvvx@paytm/VENNA
14/01/2024,974030,576.45,DR,7326.07,UPI/pc7nssitgog7@okaxis/P2M/2xxqndro@ptbyl/Amazon
14/01/2024,,1070.1,DR,6255.97,UPI/4d6s0xzbem1e@ybl/P2M/s6i6alg0@paytm/Flipkart
14/01/2024,,1285.62,DR,4970.35,UPI/qglw8eqoy2q0@oksbi/P2M/95y8cfln@ptbyl/Edara
14/01/2024,,97.0,DR,4873.35,UPI/bkvunl64lplp@okaxis/P2M/qnhyk2s7@paytm/VENNA
14/01/2024,,1041.24,DR,3832.11,UPI/zi8n7l1cih2j@okaxis/P2M/uivt0iq0@ptbsi/Flipkart
14/01/2024,,341.59,CR,4173.7,UPI/ubf3gpnbs7s6@axl
14/01/2024,432582,2376.99,CR,6550.69,UPI/dem3dx5yohcg@okaxis
14/01/2024,,1202.79,DR,5347.9,UPI/1augpu8acqg9@okaxis/P2M/vurc9l2w@oksbi/VENNA
14/01/2024,,1033.06,DR,4314.84,UPI/318d12kzeg8i@ybl/P2M/w9w9cu4l@ptbyl/AxisBank
13/01/2024,195807,3971.71,CR,8286.55,UPI/pis125x89305@axl
13/01/2024,,105.86,DR,8180.69,UPI/1jao79ek4aq9@oksbi/P2M/zjyqqvdp@ptbsi/Amazon
13/01/2024,807485,404.56,DR,7776.13,UPI/7yq0j7l44b9n@okhdfc/P2M/3zqzgo9e@oksbi/Airtel
13/01/2024,,135.99,DR,7640.14,UPI/811p4mmxi982@okaxis/P2M/i5zxkqm0@ptbyl/AxisBank
13/01/2024,,479.34,DR,7160.8,UPI/u611k1tm5evu@paytm/P2M/myu1825f@oksbi/Flipkart
13/01/2024,162792,1073.77,DR,6087.03,UPI/6mg6b87yf129@ybl/P2M/pskwuly8@oksbi/BigBazaar
13/01/2024,,1138.12,DR,4948.91,UPI/y4r1s16tikhi@axl/P2M/kn7ra7pm@oksbi/VENNA
13/01/2024,413859,41.49,DR,4907.42,UPI/uedxfk7i5lxr@axl/P2M/cv1ohl7k@ptbyl/Chala
13/01/2024,,2127.92,CR,7035.34,UPI/x7unj3stdtqp@axl
13/01/2024,,1225.03,DR,5810.31,UPI/ya1s26rvgcxj@ybl/P2M/siig5eq2@ptbsi/Amazon
13/01/2024,,587.85,CR,6398.16,UPI/wkdt9ik09ps8@paytm
13/01/2024,844816,381.06,DR,6017.1,UPI/9ginu45p01u2@ybl/P2M/64r041t6@paytm/Airtel
12/01/2024,,106.59,DR,5910.51,UPI/femzawdovjuy@axl/P2M/ugu3e2w9@ptbyl/Flipkart
12/01/2024,,564.64,DR,5345.87,UPI/czj8j86mjdsz@axl/P2M/fr64fdto@ptbsi/Airtel
12/01/2024,,523.12,DR,4822.75,UPI/rmtwo41c14a1@okaxis/P2M/j6buhsrz@paytm/AxisBank
12/01/2024,,711.53,DR,4111.22,UPI/rs10uwt3gerz@ybl/P2M/dppq8t1z@ptbsi/Chala
12/01/2024,,10.78,DR,4100.44,UPI/g4hnjwfuhr5z@ybl/P2M/y3z30vua@ptbyl/Airtel
12/01/2024,564276,975.71,DR,3124.73,UPI/aw3pd2fpxo22@oksbi/P2M/832u6efs@paytm/Amazon
12/01/2024,,348.92,DR,2775.81,UPI/9gpn7k8wlydp@paytm/P2M/cgbzrqvf@paytm/Amazon
12/01/2024,625342,521.97,DR,2253.84,UPI/ahno3zpffexm@okaxis/P2M/nw9p8wek@ptbyl/Edara
12/01/2024,,921.88,DR,1331.96,UPI/c7amp3pq0191@okhdfc/P2M/rhdxsjco@oksbi/Flipkart
12/01/2024,395676,555.71,DR,776.25,UPI/lpoouyz1pozn@oksbi/P2M/9m60gm5v@oksbi/Edara
12/01/2024,,417.95,DR,358.3,UPI/dmlej6v1buta@okaxis/P2M/egykobxt@oksbi/Flipkart
11/01/2024,,351.83,DR,6.47,UPI/glb7b8w13yel@okaxis/P2M/8g0t9b1p@oksbi/Flipkart
11/01/2024,,3017.9,CR,3024.37,UPI/ecf2st4tgntl@okhdfc
11/01/2024,424686,515.08,DR,2509.29,UPI/a1flqklt0q0t@okaxis/P2M/ybiys7fd@oksbi/Amazon
11/01/2024,228655,629.35,DR,1879.94,UPI/j1r4hkat7374@ybl/P2M/aog664sb@paytm/Paytm
11/01/2024,,435.47,DR,1444.47,UPI/mf9yzynmqgt1@okhdfc/P2M/d42a26n2@ptbsi/Chala
11/01/2024,,966.09,DR,478.38,UPI/173hljww4vxt@okhdfc/P2M/aw8qepcx@oksbi/VENNA
10/01/2024,117232,101.43,DR,376.95,UPI/iwxd20em634h@okhdfc/P2M/ftn1img8@ptbyl/Chala
10/01/2024,979096,290.91,DR,86.04,UPI/35j1jmriy1l7@oksbi/P2M/u5mc1ba3@oksbi/Flipkart
10/01/2024,982267,1697.24,CR,1783.28,UPI/41n03zn84yqm@okhdfc
10/01/2024,,1682.68,CR,3465.96,UPI/baqaqqf4s46a@ybl
10/01/2024,,3487.78,CR,6953.74,UPI/wpge62uy0ur9@ybl
10/01/2024,,1375.83,DR,5577.91,UPI/hedoikidmb4o@oksbi/P2M/rjl001dn@ptbsi/Airtel
10/01/2024,123738,95.87,DR,5482.04,UPI/jwpmgzlkvnd1@ybl/P2M/vysmnuqn@paytm/Amazon
09/01/2024,857006,238.74,CR,5720.78,UPI/oxd9xz15x2z3@okhdfc
09/01/2024,,1230.57,DR,4490.21,UPI/492wj2qrmrx9@ybl/P2M/3mnfle4r@ptbsi/Edara
09/01/2024,517272,1225.83,DR,3264.38,UPI/k2lipe1fzusr@okhdfc/P2M/7yuhedro@paytm/Flipkart
09/01/2024,,262.94,DR,3001.44,UPI/1uhk6i6j7a3r@axl/P2M/cwwnu9tf@paytm/Amazon
09/01/2024,940144,3460.48,CR,6461.92,UPI/vjja5682xkgk@oksbi
09/01/2024,438484,408.48,DR,6053.44,UPI/qkq7nqtt0h2j@axl/P2M/f8jempvs@ptbyl/Edara
09/01/2024,,1385.18,DR,4668.26,UPI/vzocv8kjatxz@paytm/P2M/ykbj0p8v@ptbyl/AxisBank
09/01/2024,,1140.64,CR,5808.9,UPI/pt1iodywq9b3@okaxis
09/01/2024,,1392.31,DR,4416.59,UPI/xjr8kwf5yzi3@ybl/P2M/u6atr4dp@paytm/Paytm
09/01/2024,983897,99.17,DR,4317.42,UPI/8mwimgrlwk9q@okhdfc/P2M/cnudykjm@oksbi/Amazon
09/01/2024,,696.43,DR,3620.99,UPI/dhuxghplzvzg@axl/P2M/5x3d0cpk@ptbsi/BigBazaar
09/01/2024,688158,984.67,DR,2636.32,UPI/q5tpkt9per6e@paytm/P2M/q6imq27p@ptbsi/Edara
08/01/2024,,456.01,DR,2180.31,UPI/tqz0nyqtx7l1@okaxis/P2M/7fjlka95@paytm/VENNA
08/01/2024,,1332.02,DR,848.29,UPI/1awbcv2tf3fx@okhdfc/P2M/wnqrtr0y@oksbi/Flipkart
08/01/2024,391019,627.65,DR,220.64,UPI/ui6hwb4dsp33@okaxis/P2M/i9i5gz2l@paytm/BigBazaar
08/01/2024,339484,1100.39,CR,1321.03,UPI/9djeu4o80qit@oksbi
08/01/2024,,4650.94,CR,5971.97,UPI/rwzzqb639rjv@okhdfc
08/01/2024,616087,324.28,DR,5647.69,UPI/8rh0s7t87d88@paytm/P2M/3i6fyghn@ptbsi/Edara
08/01/2024,,151.36,DR,5496.33,UPI/t9a0eekz5jet@axl/P2M/auc46cbi@oksbi/Paytm
07/01/2024,,3012.86,CR,8509.19,UPI/wadebwwaqobn@paytm
07/01/2024,,1411.16,DR,7098.03,UPI/hkj40daelcy3@paytm/P2M/13ztlmln@oksbi/AxisBank
07/01/2024,224204,1365.24,DR,5732.79,UPI/gzi048es1k5f@oksbi/P2M/nu6m9cnf@ptbsi/Airtel
07/01/2024,797525,1490.46,DR,4242.33,UPI/5d3gpl9dcfa5@okhdfc/P2M/9g1xq60z@paytm/Edara
07/01/2024,111235,796.06,DR,3446.27,UPI/c6mppod0bk31@axl/P2M/viyegt3k@oksbi/Flipkart
07/01/2024,872129,968.75,DR,2477.52,UPI/txm7x2zuh1vb@oksbi/P2M/24e7dz5q@oksbi/VENNA
07/01/2024,,919.24,DR,1558.28,UPI/shbt74c2ne1u@okaxis/P2M/lsccrqgz@paytm/AxisBank
07/01/2024,,298.92,DR,1259.36,UPI/cdheqef3bddw@okhdfc/P2M/41a6kubg@ptbyl/Paytm
07/01/2024,,59.69,DR,1199.67,UPI/3b2ibwad7e9o@oksbi/P2M/ejbf4ajf@oksbi/Flipkart
07/01/2024,,358.95,DR,840.72,UPI/bljr5xj67ryj@ybl/P2M/pk7t92wz@ptbyl/Airtel
07/01/2024,,559.28,DR,281.44,UPI/wndb9ylyzaae@okhdfc/P2M/vv7zqhqu@ptbsi/Edara
06/01/2024,240108,2003.37,CR,2284.81,UPI/23f9jgtdrist@ybl
06/01/2024,,1458.35,DR,826.46,UPI/6bohkfo76otm@ybl/P2M/117ospil@oksbi/Edara
06/01/2024,996373,334.41,DR,492.05,UPI/3ufpa8oxriaj@ybl/P2M/z1fopch7@ptbsi/Edara
06/01/2024,,423.06,DR,68.99,UPI/6eus9z7v9m5k@axl/P2M/ld8dn9uz@ptbyl/Edara
06/01/2024,577159,3173.46,CR,3242.45,UPI/bbybromg2h5r@okaxis
05/01/2024,433496,300.7,CR,3543.15,UPI/d6ptg3je1s5i@okhdfc
05/01/2024,,682.1,DR,2861.05,UPI/pl33e8j1gpak@axl/P2M/6zjlzhmv@paytm/Paytm
05/01/2024,,640.95,DR,2220.1,UPI/i89uqagaus0i@paytm/P2M/vomrjk0v@ptbsi/Chala
05/01/2024,648395,1187.8,DR,1032.3,UPI/py883btykj0a@okaxis/P2M/dbd9lrfk@ptbsi/VENNA
05/01/2024,,116.5,DR,915.8,UPI/r1iahy26dr69@okaxis/P2M/ovmnaz1s@oksbi/Flipkart
05/01/2024,791549,569.51,DR,346.29,UPI/4qs0a2gx7skq@okhdfc/P2M/j03zo6c7@ptbyl/Airtel
05/01/2024,,122.29,DR,224.0,UPI/47i3nr9w72zq@oksbi/P2M/unwf5x1w@ptbyl/AxisBank
04/01/2024,,165.72,DR,58.28,UPI/8mlhexe273yq@oksbi/P2M/8qwey4g1@ptbyl/Paytm
04/01/2024,,3663.9,CR,3722.18,UPI/ugpryfo7jrpy@okhdfc
04/01/2024,,490.24,CR,4212.42,UPI/0lbsqmgimfm0@axl
04/01/2024,943535,727.58,DR,3484.84,UPI/mfrcyxqxv3gu@oksbi/P2M/f20ppftr@paytm/BigBazaar
04/01/2024,675501,726.26,DR,2758.58,UPI/kmmcyo74kr87@okhdfc/P2M/ltkyccto@paytm/Edara
04/01/2024,,633.17,DR,2125.41,UPI/u4o5e8l4gbx0@paytm/P2M/1rxef5iu@ptbsi/Chala
04/01/2024,799736,1031.56,DR,1093.85,UPI/nqldrxp5q6ei@paytm/P2M/dk7qojs7@oksbi/Paytm
03/01/2024,,836.56,DR,257.29,UPI/os9kkz9mss5p@okaxis/P2M/2ocw5oso@ptbsi/Chala
03/01/2024,,199.06,DR,58.23,UPI/b1f7rln0pb4c@axl/P2M/l80izmo0@paytm/Edara
03/01/2024,,2509.96,CR,2568.19,UPI/ko53s8z0yx9n@axl
03/01/2024,680159,2959.21,CR,5527.4,UPI/ir5299uj98d8@axl
03/01/2024,,1422.15,DR,4105.25,UPI/dhky7xga1e6k@ybl/P2M/zele9mcj@ptbyl/Flipkart
03/01/2024,622582,703.19,DR,3402.06,UPI/6k26ofe63eie@oksbi/P2M/j2nziw5s@paytm/Edara
03/01/2024,879871,387.69,CR,3789.75,UPI/aiz3w5pipxo8@ybl
03/01/2024,,1593.34,CR,5383.09,UPI/r6nc61yvy0zj@oksbi
02/01/2024,708319,908.74,DR,4474.35,UPI/0eajbxqcbz2d@okaxis/P2M/h7iv27y1@oksbi/Paytm
02/01/2024,731945,1113.03,DR,3361.32,UPI/tt2js5npx5yr@okhdfc/P2M/q51cgbxd@paytm/Edara
02/01/2024,,315.73,DR,3045.59,UPI/byh1aujurg1b@okaxis/P2M/ozel4uqd@paytm/AxisBank
02/01/2024,,550.13,DR,2495.46,UPI/ydull3cctixy@okaxis/P2M/ri8i2l8b@oksbi/Amazon
02/01/2024,,755.07,DR,1740.39,UPI/5djtbjkisbrn@ybl/P2M/g45imxjx@ptbsi/Flipkart
02/01/2024,115355,1498.47,DR,241.92,UPI/ynps02rfhxur@axl/P2M/7gfwd5f0@ptbsi/BigBazaar
02/01/2024,249975,102.92,DR,139.0,UPI/tu3ognfain4v@ybl/P2M/fi9r9gel@paytm/Flipkart
02/01/2024,,27.15,DR,111.85,UPI/b6crjnio5ssr@oksbi/P2M/nkdvet9v@ptbyl/Paytm
01/01/2024,,400.78,CR,512.63,UPI/f7trtrwxsvhy@axl
01/01/2024,947600,4600.83,CR,5113.46,UPI/y3gb0x6vhj69@axl
01/01/2024,722388,1339.04,DR,3774.42,UPI/hct1wkr88lws@oksbi/P2M/xol0nr1s@ptbsi/VENNA
01/01/2024,,914.5,DR,2859.92,UPI/cklvt21x53ms@oksbi/P2M/gt3lw3jb@ptbyl/VENNA
01/01/2024,,725.37,DR,2134.55,UPI/o0p61sls17k4@okaxis/P2M/ygr5bt0t@paytm/AxisBank
01/01/2024,,1014.4,DR,1120.15,UPI/q2t64nqcjuhb@ybl/P2M/vrp0ri2o@ptbsi/Edara
01/01/2024,,478.74,DR,641.41,UPI/dxmjv49i4ux1@axl/P2M/z7oibay1@paytm/Edara
