Date,Instrument ID,Amount,Type,Balance,Remarks
31/08/2022,910986,209.69,DR,811.41,UPI/lwk6zzrwv7wk@okaxis/P2M/q78rlq89@oksbi/AxisBank
31/08/2022,,93.34,DR,718.07,UPI/k6bkhz0t5xq8@oksbi/P2M/0l9zfdjk@ptbyl/Flipkart
31/08/2022,,307.59,DR,410.48,UPI/lq1n18bo9aok@oksbi/P2M/ctdyeyev@ptbyl/Chala
31/08/2022,234404,333.55,DR,76.93,UPI/b2zqpq6a753i@axl/P2M/lxngf522@ptbyl/VENNA
30/08/2022,,3524.33,CR,3601.26,UPI/lo8iqm261q73@okaxis
30/08/2022,125720,1354.38,DR,2246.88,UPI/vb1gk92kc52h@ybl/P2M/pp1qoyti@ptbyl/Paytm
30/08/2022,,330.39,DR,1916.49,UPI/30i0vxahzm4f@okaxis/P2M/hqhoih1a@ptbsi/BigBazaar
30/08/2022,,924.93,DR,991.56,UPI/rd8khoy118uj@oksbi/P2M/qnkro7ny@paytm/VENNA
30/08/2022,,297.63,DR,693.93,UPI/5jk1sl3hk7dw@paytm/P2M/w48jpf7u@oksbi/Paytm
30/08/2022,,425.1,CR,1119.03,UPI/2v4ced1aca98@okaxis
30/08/2022,145337,448.02,DR,671.01,UPI/y8f0gqp2w36d@okhdfc/P2M/3p6i6l39@ptbyl/Airtel
30/08/2022,248666,2031.93,CR,2702.94,UPI/ws5albr7pzap@ybl
30/08/2022,,4544.55,CR,7247.49,UPI/qvalcd1znk8y@oksbi
30/08/2022,,618.95,DR,6628.54,UPI/6i0obtc089qg@paytm/P2M/txcb756f@oksbi/Chala
30/08/2022,,46.79,DR,6581.75,UPI/50i0u4qqmp1l@paytm/P2M/4wcq5lzi@oksbi/Flipkart
30/08/2022,,138.15,DR,6443.6,UPI/cdeqntdefbme@ybl/P2M/wybm0pmm@paytm/VENNA
29/08/2022,313157,1418.32,DR,5025.28,UPI/2b5akt6ji6j2@axl/P2M/pmvzfn5c@oksbi/Edara
29/08/2022,806016,1002.26,DR,4023.02,UPI/tnhi918kd102@okaxis/P2M/g3sef8ym@oksbi/Edara
29/08/2022,505803,268.82,DR,3754.2,UPI/xzzqstxncyh7@axl/P2M/upsavfpz@oksbi/VENNA
29/08/2022,,1127.82,DR,2626.38,UPI/kcudgkxyt8qg@paytm/P2M/q765fg6t@ptbyl/Amazon
29/08/2022,,73.39,DR,2552.99,UPI/3j45qizuzqxo@okhdfc/P2M/oji6p54m@ptbyl/Flipkart
29/08/2022,,1236.78,DR,1316.21,UPI/zgidq9fkjtsh@oksbi/P2M/af4txc9q@ptbsi/Amazon
29/08/2022,,1235.42,DR,80.79,UPI/lo5tj5og78uk@okhdfc/P2M/mjr8lz92@ptbsi/Airtel
28/08/2022,,4380.98,CR,4461.77,UPI/0lf7zn5axsia@okhdfc
28/08/2022,381651,756.88,DR,3704.89,UPI/bmdts8flhj6r@paytm/P2M/d7a1uloo@oksbi/Flipkart
28/08/2022,,912.3,DR,2792.59,UPI/3xd64r4dzzjn@oksbi/P2M/9d88ts7g@ptbsi/VENNA
28/08/2022,865645,453.52,DR,2339.07,UPI/no4vt4ooovob@okhdfc/P2M/h2u02w5l@oksbi/Amazon
28/08/2022,,1040.93,DR,1298.14,UPI/1g4j554bux4l@axl/P2M/ff90el2a@paytm/BigBazaar
28/08/2022,,216.25,DR,1081.89,UPI/41jqzluyqsdz@axl/P2M/quu9qgij@ptbsi/Airtel
28/08/2022,,486.41,DR,595.48,UPI/3q5kp1mii606@ybl/P2M/h54kef0m@ptbsi/Chala
28/08/2022,,2057.65,CR,2653.13,UPI/rxw26yjlt2e6@oksbi
28/08/2022,758700,1412.36,DR,1240.77,UPI/hgpcfmzd2yog@okaxis/P2M/u6v1psty@ptbyl/Airtel
28/08/2022,,766.84,DR,473.93,UPI/q10sby71hn50@ybl/P2M/c0xbebg4@ptbsi/Airtel
27/08/2022,,186.0,DR,287.93,UPI/qcrc9y8qfbv9@okhdfc/P2M/7rsv8ik7@ptbyl/Airtel
27/08/2022,254002,243.6,DR,44.33,UPI/0l5vt5lpcjbj@oksbi/P2M/dyndnjt9@oksbi/Airtel
26/08/2022,778155,475.4,CR,519.73,UPI/1hmc1p6ye5w4@ybl
26/08/2022,,123.91,DR,395.82,UPI/pdyn8ec6h6le@ybl/P2M/zfy54wjm@ptbyl/Chala
26/08/2022,181276,1863.13,CR,2258.95,UPI/6scu8e3iqmvh@okaxis
26/08/2022,,982.26,DR,1276.69,UPI/qh7258u02p15@paytm/P2M/ni76qx20@oksbi/Airtel
26/08/2022,628422,790.4,DR,486.29,UPI/8zzln2dv2mey@okhdfc/P2M/x0qz21k9@oksbi/Flipkart
26/08/2022,643072,42.03,DR,444.26,UPI/kifgnwhwyrh8@axl/P2M/jcsovdg8@oksbi/Flipkart
25/08/2022,133079,383.65,DR,60.61,UPI/zppr0p91eqw7@axl/P2M/hciogd6a@ptbsi/AxisBank
25/08/2022,924440,378.32,CR,438.93,UPI/0f7lvmf1cwai@oksbi
25/08/2022,209993,2469.02,CR,2907.95,UPI/s0tey43pnibu@paytm
25/08/2022,423288,545.86,CR,3453.81,UPI/28srkl1hhwag@okaxis
25/08/2022,,1106.28,DR,2347.53,UPI/yhhaz76cqrme@oksbi/P2M/6fspykps@oksbi/Chala
25/08/2022,,745.42,DR,1602.11,UPI/07ldg607rmwg@okaxis/P2M/0b8754d7@ptbyl/VENNA
25/08/2022,,969.65,DR,632.46,UPI/2spakhku16zi@ybl/P2M/jjps07at@oksbi/Paytm
25/08/2022,,140.94,DR,491.52,UPI/wi01bh70fs1j@axl/P2M/k5apqz6r@paytm/Chala
25/08/2022,,386.75,DR,104.77,UPI/5jllarpo9xfk@paytm/P2M/ymcg2n04@ptbyl/Chala
24/08/2022,,2287.38,CR,2392.15,UPI/2v3a58f7auk2@axl
24/08/2022,,1019.23,DR,1372.92,UPI/6nn3cgv6ufgv@okhdfc/P2M/bdlxgldl@paytm/Airtel
24/08/2022,,1281.27,DR,91.65,UPI/xtmwdu7owug9@paytm/P2M/y5hom2lr@ptbsi/BigBazaar
24/08/2022,,4989.8,CR,5081.45,UPI/tigg9gu6fpo8@oksbi
23/08/2022,,200.97,DR,4880.48,UPI/1wcaojxyhaai@okaxis/P2M/2b8baumz@paytm/BigBazaar
23/08/2022,,2449.58,CR,7330.06,UPI/a3g3va0gvzt9@oksbi
23/08/2022,,1069.51,DR,6260.55,UPI/ys9k6pquu35z@oksbi/P2M/c1ayyy04@ptbsi/Amazon
23/08/2022,,655.82,DR,5604.73,UPI/lyiu0gmsqs5j@axl/P2M/g819r558@ptbsi/Paytm
23/08/2022,726399,803.03,DR,4801.7,UPI/4i3pn6kase8t@ybl/P2M/l79mwu1z@ptbyl/Amazon
23/08/2022,,26.39,DR,4775.31,UPI/mplc4k8ygg7i@paytm/P2M/rjnx6rxw@oksbi/Edara
23/08/2022,,149.43,DR,4625.88,UPI/dhj0oncv1v1w@okhdfc/P2M/u9kg980q@paytm/Airtel
23/08/2022,,1369.02,DR,3256.86,UPI/a6xk72tga6nw@oksbi/P2M/8nqmzyo2@ptbyl/AxisBank
23/08/2022,,1272.15,DR,1984.71,UPI/t7pffun15kb6@paytm/P2M/2qg2xs33@oksbi/Paytm
23/08/2022,380148,1794.65,CR,3779.36,UPI/nulwj0ht4q92@axl
23/08/2022,,1374.22,DR,2405.14,UPI/wndouadkgnzo@oksbi/P2M/2xg9ctag@ptbyl/BigBazaar
23/08/2022,703696,1128.48,DR,1276.66,UPI/h2sfkabuo20u@okaxis/P2M/0onoymb3@oksbi/AxisBank
23/08/2022,800197,55.86,DR,1220.8,UPI/01enbrodoh4k@axl/P2M/7oyvge95@ptbsi/Amazon
23/08/2022,227930,1009.92,CR,2230.72,UPI/q7ajpiwas48f@okhdfc
23/08/2022,731155,4133.15,CR,6363.87,UPI/k35fwoon7idq@ybl
22/08/2022,,272.93,DR,6090.94,UPI/ih9mbi0h5lng@oksbi/P2M/dx4jrakf@oksbi/VENNA
22/08/2022,374634,459.34,DR,5631.6,UPI/8hnci5wkmgdp@oksbi/P2M/283pxqf8@ptbyl/Edara
22/08/2022,,1027.53,DR,4604.07,UPI/ie0smziqnwx2@ybl/P2M/stn2prsi@oksbi/AxisBank
22/08/2022,863822,301.44,DR,4302.63,UPI/zj56rd923ok0@axl/P2M/i8s6rwkc@ptbyl/Edara
22/08/2022,,48.18,DR,4254.45,UPI/79a24yer1dp3@okaxis/P2M/razj4zjm@paytm/Edara
22/08/2022,842213,782.71,DR,3471.74,UPI/447ypxd33lzq@okaxis/P2M/4b0nz7h6@oksbi/AxisBank
22/08/2022,,1389.72,DR,2082.02,UPI/t5du25j0tamo@paytm/P2M/ixqnsyti@ptbyl/Edara
22/08/2022,,927.23,CR,3009.25,UPI/a9vl72vnpfgd@okhdfc
22/08/2022,,497.45,DR,2511.8,UPI/4nsj7y55pe9y@ybl/P2M/vj3y1kr6@paytm/Amazon
22/08/2022,690728,467.28,DR,2044.52,UPI/4jw19ipbaqlx@paytm/P2M/p9zh3mi4@oksbi/Airtel
22/08/2022,,688.33,DR,1356.19,UPI/3zss7pn8aqg3@oksbi/P2M/7hpaqmf9@ptbsi/Airtel
22/08/2022,907576,1270.49,DR,85.7,UPI/44i0e8hkk6py@okhdfc/P2M/aejy0mnc@ptbsi/Amazon
22/08/2022,,1197.96,CR,1283.66,UPI/3wr3l23txfxm@okaxis
22/08/2022,576045,934.76,DR,348.9,UPI/3eio3ihzhder@okaxis/P2M/s11vked2@oksbi/Chala
21/08/2022,,4607.64,CR,4956.54,UPI/n20r7ss7rm4x@ybl
21/08/2022,,1325.95,DR,3630.59,UPI/tk1uhqk83du4@okhdfc/P2M/ob9n1xix@ptbsi/BigBazaar
21/08/2022,435100,1296.55,DR,2334.04,UPI/0eyqy4a4km0c@ybl/P2M/8psnb5ir@oksbi/Amazon
21/08/2022,131140,153.51,DR,2180.53,UPI/7h0mszujj3kf@paytm/P2M/ixgrx3di@ptbsi/Chala
21/08/2022,,138.44,DR,2042.09,UPI/t4y44whanmu4@okaxis/P2M/ud2i6fef@ptbyl/Chala
21/08/2022,,356.78,DR,1685.31,UPI/e6fyn3fsvhyx@paytm/P2M/5jh8awur@oksbi/Paytm
21/08/2022,580317,1459.76,CR,3145.07,UPI/k4rdspt2137f@okaxis
21/08/2022,573373,3358.03,CR,6503.1,UPI/ods9p2gni9bm@okaxis
21/08/2022,721316,1219.31,CR,7722.41,UPI/jgqaqs9ep413@oksbi
21/08/2022,788361,665.8,DR,7056.61,UPI/z7qlo39wh7mn@paytm/P2M/2ttza0px@ptbyl/BigBazaar
21/08/2022,332946,840.11,DR,6216.5,UPI/iiuxhg7n3pcb@paytm/P2M/jr44ywbq@ptbsi/Amazon
20/08/2022,,1516.29,CR,7732.79,UPI/hejpr9pabpat@axl
20/08/2022,215106,847.79,DR,6885.0,UPI/ndeq793h54iw@paytm/P2M/m9ggo2nv@ptbyl/Airtel
20/08/2022,584668,4623.79,CR,11508.79,UPI/cv9sv8gojto9@paytm
20/08/2022,548637,843.17,DR,10665.62,UPI/nctyeb48ezxn@ybl/P2M/ha9cjkxy@ptbyl/AxisBank
20/08/2022,,2096.59,CR,12762.21,UPI/z2wogn4x0alk@axl
20/08/2022,,1405.89,DR,11356.32,UPI/emmkxh8i7ipd@axl/P2M/rsw2suji@ptbyl/Amazon
20/08/2022,,845.08,DR,10511.24,UPI/u8x3mgqvqzj4@axl/P2M/2o7avt0p@paytm/Amazon
20/08/2022,,133.81,DR,10377.43,UPI/redvhphna6q6@paytm/P2M/2zk05ir3@ptbyl/Paytm
20/08/2022,,4451.11,CR,14828.54,UPI/jh5i9yzwwnix@oksbi
20/08/2022,,119.05,DR,14709.49,UPI/lvyefahlg2np@oksbi/P2M/njbvmbiq@paytm/BigBazaar
20/08/2022,,236.69,DR,14472.8,UPI/i4tb6stpqhvx@oksbi/P2M/p1vsmcj3@paytm/Amazon
20/08/2022,,964.11,DR,13508.69,UPI/gvi8cngdnvrm@paytm/P2M/rql6w9u6@paytm/AxisBank
20/08/2022,669373,1365.78,DR,12142.91,UPI/71pzkw4rfham@oksbi/P2M/ns5r0fg3@paytm/Paytm
20/08/2022,,1386.34,DR,10756.57,UPI/asucjlilk203@axl/P2M/3qx0pb0q@ptbyl/BigBazaar
20/08/2022,799561,1067.97,DR,9688.6,UPI/hy7wn7o2k8tp@axl/P2M/5r5gags0@paytm/Chala
19/08/2022,629337,205.0,DR,9483.6,UPI/xeu4x93x0gi5@okaxis/P2M/r4l2xgvh@ptbsi/Airtel
19/08/2022,,735.92,CR,10219.52,UPI/kbjjr47334gn@okhdfc
19/08/2022,,1197.58,DR,9021.94,UPI/iudvcr96q7pk@oksbi/P2M/o4qd9yme@paytm/Flipkart
19/08/2022,896883,316.68,DR,8705.26,UPI/d86achm4abwg@paytm/P2M/93f5nex1@paytm/Amazon
19/08/2022,,684.72,DR,8020.54,UPI/aqekn4x847tr@okaxis/P2M/f7mvmnj5@ptbyl/BigBazaar
19/08/2022,450370,922.43,DR,7098.11,UPI/xqwi4gqlaeqn@okaxis/P2M/4rcksowa@oksbi/AxisBank
19/08/2022,,165.4,DR,6932.71,UPI/qqn4eg7noqrv@okhdfc/P2M/5rq9dqmu@paytm/BigBazaar
19/08/2022,,2101.72,CR,9034.43,UPI/14dt8490xvwi@okaxis
19/08/2022,,4294.52,CR,13328.95,UPI/8iho8mnmt5nf@ybl
19/08/2022,,4677.14,CR,18006.09,UPI/6z7e4ymqqmxd@oksbi
19/08/2022,,581.83,DR,17424.26,UPI/e403rhqll81y@paytm/P2M/ncrcbngp@ptbsi/VENNA
19/08/2022,,1472.39,DR,15951.87,UPI/tvbhvs9i06mt@okaxis/P2M/2uoi7luz@ptbsi/BigBazaar
19/08/2022,130818,3359.33,CR,19311.2,UPI/glll3c8wgcaj@paytm
19/08/2022,,901.23,DR,18409.97,UPI/c378szxa2ao1@okhdfc/P2M/7fr4uh3d@ptbyl/Airtel
19/08/2022,,1517.92,CR,19927.89,UPI/8tn3ls079lfj@ybl
18/08/2022,927415,215.41,DR,19712.48,UPI/hsl6agyq7l3t@ybl/P2M/jwhurxmg@ptbsi/Edara
18/08/2022,,192.99,DR,19519.49,UPI/3ay28v1njkyl@oksbi/P2M/3y6wvfvm@paytm/BigBazaar
18/08/2022,,669.8,DR,18849.69,UPI/9ciivyl7uu3n@paytm/P2M/q4vqcl84@ptbyl/Paytm
18/08/2022,,1045.86,DR,17803.83,UPI/hsvqcw564toy@okhdfc/P2M/jvviki0q@paytm/Airtel
18/08/2022,,1209.47,DR,16594.36,UPI/tv99q59ojr53@okhdfc/P2M/u22g8a0y@ptbsi/Paytm
18/08/2022,,200.49,DR,16393.87,UPI/b5a0epoeu658@axl/P2M/psms1gzh@paytm/VENNA
18/08/2022,,985.64,DR,15408.23,UPI/d7l4vyq82qxc@okaxis/P2M/cfbtnyr6@ptbyl/Amazon
18/08/2022,903857,1198.4,DR,14209.83,UPI/siflfdgfejrl@axl/P2M/3udmsthi@oksbi/Amazon
18/08/2022,,183.59,DR,14026.24,UPI/s92wso8rypfb@okaxis/P2M/39xn8qd2@oksbi/AxisBank
18/08/2022,,714.14,DR,13312.1,UPI/0oaklj9ceg8x@okaxis/P2M/tuxoulr3@ptbsi/Paytm
18/08/2022,,667.81,DR,12644.29,UPI/gvhxvcgo6tnz@oksbi/P2M/ni36uo6s@oksbi/Amazon
18/08/2022,,4266.14,CR,16910.43,UPI/h7jyjb9exh6c@axl
18/08/2022,796510,840.09,DR,16070.34,UPI/3oh1s3iuj5v5@okaxis/P2M/1rrgm7eb@oksbi/AxisBank
18/08/2022,,290.4,DR,15779.94,UPI/ryapzhpw1luq@okhdfc/P2M/vhtu3hub@paytm/Chala
18/08/2022,,1406.45,DR,14373.49,UPI/kxaj211e1u62@ybl/P2M/o7axlpuq@paytm/AxisBank
17/08/2022,,1184.84,DR,13188.65,UPI/8wuvowhwyql2@okhdfc/P2M/gpfjwuax@oksbi/BigBazaar
17/08/2022,,814.17,DR,12374.48,UPI/ohklciygvh0s@ybl/P2M/p4fd4b3u@oksbi/Amazon
17/08/2022,523554,153.56,DR,12220.92,UPI/053cuj2uq7aw@okhdfc/P2M/15i3dt4y@ptbsi/AxisBank
17/08/2022,,1107.16,DR,11113.76,UPI/qbch4mkbea86@axl/P2M/cg3ev137@ptbyl/BigBazaar
17/08/2022,,428.27,DR,10685.49,UPI/2d7vywv1nxjr@okaxis/P2M/b3rj1s2m@ptbsi/Edara
17/08/2022,232226,1378.32,DR,9307.17,UPI/s1zh7ios1jlb@ybl/P2M/0fbqalma@ptbsi/Amazon
17/08/2022,,1158.11,DR,8149.06,UPI/puo33ibcd9p6@ybl/P2M/9y6cbgkj@oksbi/Edara
17/08/2022,721123,1493.63,DR,6655.43,UPI/jc0sy49n0grp@okaxis/P2M/ydarbw90@oksbi/Paytm
17/08/2022,767968,117.04,DR,6538.39,UPI/9op3nsg0ftlx@axl/P2M/hd5js9mb@ptbsi/VENNA
17/08/2022,,1093.38,DR,5445.01,UPI/8cv100wnlau4@oksbi/P2M/r5o6thqz@ptbyl/Amazon
17/08/2022,813818,1451.33,DR,3993.68,UPI/pqotvena16j2@paytm/P2M/n1jqctt5@paytm/BigBazaar
17/08/2022,,1163.39,DR,2830.29,UPI/9femtd2eeyx8@oksbi/P2M/nos8s59j@ptbsi/Paytm
17/08/2022,339126,668.61,DR,2161.68,UPI/u6t1m5r00d6p@paytm/P2M/azaixdfz@ptbyl/Airtel
17/08/2022,545533,610.43,DR,1551.25,UPI/2e9fryceff28@axl/P2M/srcejy6b@paytm/BigBazaar
17/08/2022,,541.02,DR,1010.23,UPI/zud6a0vz0h8k@okhdfc/P2M/x8b6giko@paytm/Edara
16/08/2022,819010,3978.53,CR,4988.76,UPI/7oycp3h2ajfs@axl
16/08/2022,296137,832.82,DR,4155.94,UPI/w3o57therly7@paytm/P2M/rj64jpqt@ptbsi/Flipkart
16/08/2022,,942.68,DR,3213.26,UPI/b5pj0za7nnia@paytm/P2M/mkghqnm2@oksbi/Chala
16/08/2022,579027,674.31,DR,2538.95,UPI/950eqkbgkxck@paytm/P2M/j46wzy1z@paytm/Edara
16/08/2022,261123,807.85,DR,1731.1,UPI/2noum4ovxhi7@okaxis/P2M/undrsp0q@ptbsi/Paytm
16/08/2022,250757,4545.04,CR,6276.14,UPI/ktja9qc5so80@oksbi
16/08/2022,,1065.83,DR,5210.31,UPI/3dpaox2vkpj0@okhdfc/P2M/3t65npox@oksbi/Flipkart
16/08/2022,159551,807.17,DR,4403.14,UPI/io3ivfwd3n6f@ybl/P2M/s0mfahwv@oksbi/Amazon
16/08/2022,297236,538.85,DR,3864.29,UPI/5m1ahojgc0wb@paytm/P2M/zglf3j24@ptbsi/BigBazaar
16/08/2022,983599,1132.79,DR,2731.5,UPI/rlimfqxyd3gr@paytm/P2M/ljnt2wc8@ptbsi/Paytm
16/08/2022,922545,853.72,DR,1877.78,UPI/li0kio3rgbjg@oksbi/P2M/tnf1klvf@ptbsi/Flipkart
16/08/2022,,153.77,CR,2031.55,UPI/no9qu8vp31tp@paytm
16/08/2022,,921.75,DR,1109.8,UPI/7ewxwepnvcgf@ybl/P2M/v7q6chly@ptbyl/Amazon
15/08/2022,,80.89,DR,1028.91,UPI/4o2a97u7rcgt@paytm/P2M/8wsqrtcb@ptbyl/Paytm
15/08/2022,489766,281.68,DR,747.23,UPI/gatm4ln9uj76@okaxis/P2M/q093ut0f@ptbsi/Airtel
15/08/2022,840369,22.77,DR,724.46,UPI/kwkqrus01hzb@axl/P2M/o7d33h4c@ptbsi/BigBazaar
15/08/2022,269345,1314.2,CR,2038.66,UPI/xf2qtn5a94oh@oksbi
15/08/2022,,987.69,DR,1050.97,UPI/41l67vswp939@okhdfc/P2M/ieuo4lom@ptbyl/Airtel
15/08/2022,,508.9,DR,542.07,UPI/4d3ejswc3b2a@axl/P2M/abqjnoby@oksbi/Amazon
15/08/2022,432562,539.38,DR,2.69,UPI/e3b3upjprfvi@oksbi/P2M/m795ali2@oksbi/Paytm
14/08/2022,431358,677.08,CR,679.77,UPI/9t1v3ftl6d7u@ybl
14/08/2022,,661.69,DR,18.08,UPI/b2ew225tcfml@ybl/P2M/e6ztict6@ptbyl/VENNA
14/08/2022,,4745.07,CR,4763.15,UPI/ie3dyuiyugfi@paytm
14/08/2022,477870,1224.35,DR,3538.8,UPI/10q22pvm2kjr@paytm/P2M/u9zwtczi@ptbsi/BigBazaar
13/08/2022,,145.49,DR,3393.31,UPI/1p6k2bx73yt4@okaxis/P2M/ujrl9id4@oksbi/Paytm
13/08/2022,,32.89,DR,3360.42,UPI/j5b7wi2uf1lx@okhdfc/P2M/ptygtyeb@ptbyl/Flipkart
13/08/2022,858706,211.43,DR,3148.99,UPI/z5388ytd6xfe@oksbi/P2M/6g011gwk@oksbi/VENNA
13/08/2022,,634.12,DR,2514.87,UPI/rihsx9vsp5tq@okaxis/P2M/yt3rr3z9@paytm/Flipkart
13/08/2022,866932,2283.88,CR,4798.75,UPI/8vs7z6xcq6df@paytm
13/08/2022,,1317.24,DR,3481.51,UPI/4cipx7jk9f4n@oksbi/P2M/glimtv52@paytm/AxisBank
13/08/2022,,1284.66,DR,2196.85,UPI/a52bd9hxyfpi@oksbi/P2M/oy9kbudr@paytm/Paytm
13/08/2022,,589.14,DR,1607.71,UPI/xpdtr3g6x865@oksbi/P2M/aaj0pdzx@ptbsi/Chala
13/08/2022,,724.14,DR,883.57,UPI/1dnzxkxqdfmp@axl/P2M/bo9sqpju@ptbyl/Edara
13/08/2022,,581.24,DR,302.33,UPI/8znz6u5x819u@ybl/P2M/11h657mu@oksbi/AxisBank
13/08/2022,719299,247.83,DR,54.5,UPI/mdd1lwh2qyw9@okaxis/P2M/1twxok70@ptbsi/Chala
12/08/2022,,23.29,DR,31.21,UPI/9m10sy36opu8@ybl/P2M/mrzy08yh@ptbsi/BigBazaar
11/08/2022,214216,461.4,CR,492.61,UPI/ijhb9tf6m1fe@paytm
11/08/2022,461962,1664.7,CR,2157.31,UPI/6980qd27n15v@okaxis
11/08/2022,,182.64,DR,1974.67,UPI/zh2pchy7b7if@oksbi/P2M/3dn9nh9l@ptbsi/VENNA
11/08/2022,980642,1147.66,DR,827.01,UPI/mwctehji3wct@okhdfc/P2M/icykka1q@oksbi/VENNA
11/08/2022,,385.77,DR,441.24,UPI/fwvomnt99lgz@paytm/P2M/08g8zlng@ptbyl/Paytm
11/08/2022,385036,409.6,CR,850.84,UPI/b5jq8ht8jm2v@paytm
11/08/2022,,283.31,DR,567.53,UPI/c9omiq2jnvf0@okaxis/P2M/b37w8mv8@ptbsi/VENNA
11/08/2022,,4727.92,CR,5295.45,UPI/np0zg1v0mxp2@ybl
11/08/2022,919845,1134.88,DR,4160.57,UPI/569w9c1v5w40@oksbi/P2M/rbbn1u5r@ptbyl/Paytm
10/08/2022,862916,112.17,DR,4048.4,UPI/t9ygj1fs8l9f@paytm/P2M/h4ykknfd@paytm/Airtel
10/08/2022,,3434.53,CR,7482.93,UPI/jucki8ue2ivu@axl
10/08/2022,967217,3429.78,CR,10912.71,UPI/z3uqllkxzqhf@paytm
10/08/2022,,91.11,DR,10821.6,UPI/ajmynqngzp4q@okhdfc/P2M/iiuerdiz@ptbyl/Flipkart
10/08/2022,,774.75,DR,10046.85,UPI/yjtqarqyjsm5@ybl/P2M/yv7fv178@paytm/Paytm
10/08/2022,932366,1052.09,DR,8994.76,UPI/vhf89uupdivv@axl/P2M/l1wkhkq0@ptbyl/Airtel
10/08/2022,,1116.08,DR,7878.68,UPI/dmj3vurt842m@paytm/P2M/6sme3nbi@oksbi/AxisBank
10/08/2022,,1055.32,DR,6823.36,UPI/32u5k0l9m48p@oksbi/P2M/7z9ge5gf@ptbyl/Airtel
10/08/2022,,703.34,DR,6120.02,UPI/xgcvd42sassn@paytm/P2M/eahcah2b@ptbyl/Paytm
10/08/2022,,709.36,DR,5410.66,UPI/2z3ybognt0sj@oksbi/P2M/26m9i1e1@oksbi/Amazon
10/08/2022,,1258.43,DR,4152.23,UPI/sy9xlh3dy5ao@ybl/P2M/evbnww6i@paytm/VENNA
10/08/2022,,1132.86,DR,3019.37,UPI/pm8kzum44onc@oksbi/P2M/stj4ei0c@ptbsi/BigBazaar
10/08/2022,672306,1484.24,DR,1535.13,UPI/k0o7ispl8581@axl/P2M/6ejdshl5@ptbsi/Paytm
10/08/2022,529063,785.53,DR,749.6,UPI/53stil0i1649@oksbi/P2M/eonbhu03@paytm/AxisBank
10/08/2022,,508.19,DR,241.41,UPI/bx2nt2c23s8j@okaxis/P2M/it0qmg9c@paytm/Airtel
09/08/2022,,198.6,DR,42.81,UPI/q33lufhutbjp@axl/P2M/seudruun@paytm/VENNA
09/08/2022,978153,4273.0,CR,4315.81,UPI/741celnwsmn2@ybl
09/08/2022,,880.96,DR,3434.85,UPI/8appluqq1dyx@ybl/P2M/6ngniull@ptbsi/Airtel
09/08/2022,743487,170.43,DR,3264.42,UPI/tvir0ogopes2@okhdfc/P2M/h2ywydmc@paytm/Amazon
09/08/2022,312760,1385.15,DR,1879.27,UPI/22oe68edzrxj@ybl/P2M/29fnlobo@paytm/Airtel
09/08/2022,267966,617.24,DR,1262.03,UPI/pgnxxug4g9f6@okaxis/P2M/zv3mc95k@ptbyl/AxisBank
09/08/2022,,736.21,DR,525.82,UPI/qc2taer8xyoi@paytm/P2M/qd5ximv0@paytm/VENNA
09/08/2022,991066,369.98,DR,155.84,UPI/tn6w1a731egx@paytm/P2M/n46wgvx1@ptbyl/Flipkart
08/08/2022,,1946.7,CR,2102.54,UPI/4dprbzcw7zev@oksbi
08/08/2022,,915.24,DR,1187.3,UPI/glytapkk4xhu@ybl/P2M/g4ec6yc6@oksbi/AxisBank
08/08/2022,,584.53,DR,602.77,UPI/9q3elot9wqqb@okaxis/P2M/0sn72nj0@oksbi/Amazon
08/08/2022,,457.4,DR,145.37,UPI/urs6l5ixvo7b@oksbi/P2M/6reemay8@oksbi/Flipkart
07/08/2022,,112.92,DR,32.45,UPI/uef6fc2hgkzr@ybl/P2M/wdovrdxu@ptbyl/Flipkart
07/08/2022,598829,28.08,DR,4.37,UPI/rieymmmjk8sn@paytm/P2M/i26ybhpr@oksbi/VENNA
07/08/2022,273338,2336.44,CR,2340.81,UPI/7wmqvvbkzo83@okhdfc
07/08/2022,,1003.63,DR,1337.18,UPI/vky5va3mimfv@ybl/P2M/d6i4mgu7@paytm/Paytm
07/08/2022,261889,267.51,DR,1069.67,UPI/mjig9esunj3q@paytm/P2M/lmp2elt2@ptbsi/VENNA
07/08/2022,,1060.55,DR,9.12,UPI/aadqhzd6mqvs@okaxis/P2M/xg7lb1iq@oksbi/BigBazaar
07/08/2022,,4078.09,CR,4087.21,UPI/civkxtd03uin@paytm
07/08/2022,,394.25,DR,3692.96,UPI/qw0gvl6wp25o@okhdfc/P2M/tkxc6wnm@ptbsi/Flipkart
06/08/2022,,254.92,DR,3438.04,UPI/7k15azsfw0mx@okaxis/P2M/mxs02da3@oksbi/Paytm
06/08/2022,604710,122.16,DR,3315.88,UPI/citk8rhesviy@ybl/P2M/2q8khqe3@oksbi/Airtel
06/08/2022,454394,1829.59,CR,5145.47,UPI/5nv7hfazkfsk@okhdfc
06/08/2022,,2340.93,CR,7486.4,UPI/g3dhmno6xqq6@oksbi
06/08/2022,241903,146.76,DR,7339.64,UPI/q3k99jf7x1ow@oksbi/P2M/1tyuwhpd@oksbi/Amazon
06/08/2022,,502.42,DR,6837.22,UPI/4obkebqju342@okhdfc/P2M/suivrnju@ptbsi/Chala
06/08/2022,,1373.1,DR,5464.12,UPI/8fi0198c3x1n@okaxis/P2M/683k76ei@ptbyl/VENNA
06/08/2022,540309,304.05,DR,5160.07,UPI/u8ywuozd199z@oksbi/P2M/hyuygmct@ptbyl/Airtel
06/08/2022,,1011.62,DR,4148.45,UPI/cu83d4g62uwj@okaxis/P2M/xhxcdx9t@ptbsi/Airtel
06/08/2022,,592.52,DR,3555.93,UPI/dovxa0x8on50@oksbi/P2M/jx1fo5wi@oksbi/AxisBank
06/08/2022,264654,936.36,DR,2619.57,UPI/rl0mzcueipzr@ybl/P2M/j6g0zky8@oksbi/Airtel
06/08/2022,,4013.92,CR,6633.49,UPI/thknjmqfyz5e@okaxis
06/08/2022,654966,1133.69,DR,5499.8,UPI/uz77wkm9m3gk@okaxis/P2M/gbqjjuls@oksbi/VENNA
06/08/2022,,4427.79,CR,9927.59,UPI/adxt6tl77o8o@okhdfc
06/08/2022,,1649.39,CR,11576.98,UPI/ry4cgys5ipk5@okhdfc
05/08/2022,,1077.13,DR,10499.85,UPI/97t75riit8bl@okhdfc/P2M/hlgrmu3b@ptbsi/AxisBank
05/08/2022,,144.4,DR,10355.45,UPI/aqbsepb71gy8@ybl/P2M/kv03rmtu@oksbi/Airtel
05/08/2022,962001,329.72,DR,10025.73,UPI/hamylzty94wq@ybl/P2M/s2sqh82f@ptbyl/VENNA
05/08/2022,139280,133.15,DR,9892.58,UPI/b5rmdb3ssxz7@axl/P2M/kctdz2zg@ptbyl/Flipkart
05/08/2022,,581.65,DR,9310.93,UPI/ws81axzp0l5j@paytm/P2M/gntbzptx@paytm/Flipkart
05/08/2022,387621,1184.2,DR,8126.73,UPI/r3cvgc3opajh@oksbi/P2M/o11f802f@ptbsi/Flipkart
05/08/2022,,845.09,DR,7281.64,UPI/pd4syxq9837j@okaxis/P2M/6frq64lp@ptbyl/Flipkart
05/08/2022,,3538.84,CR,10820.48,UPI/8y06r5fnt557@ybl
05/08/2022,,580.63,DR,10239.85,UPI/vl8vmgsa5c1m@paytm/P2M/3ehdrbkf@ptbyl/Paytm
05/08/2022,,126.18,DR,10113.67,UPI/rlhjme6yj49o@axl/P2M/cr26ddg7@ptbyl/Edara
05/08/2022,863843,386.57,DR,9727.1,UPI/bj7nz1th1jn5@ybl/P2M/l51lmsnf@oksbi/Airtel
05/08/2022,,1001.34,DR,8725.76,UPI/w0hki9abqvrh@paytm/P2M/q6paja9d@oksbi/Chala
05/08/2022,,1272.38,DR,7453.38,UPI/clw2gun93y2c@okaxis/P2M/2csy29yn@oksbi/AxisBank
05/08/2022,,490.58,DR,6962.8,UPI/880ycm5jyo6r@oksbi/P2M/atj1j3u8@ptbsi/Flipkart
05/08/2022,925254,719.66,DR,6243.14,UPI/opznztz9ishg@oksbi/P2M/0v6hv5se@ptbyl/Chala
04/08/2022,,682.21,DR,5560.93,UPI/qudt6xwtad7a@oksbi/P2M/69rqw1ig@paytm/Chala
04/08/2022,762780,158.47,DR,5402.46,UPI/v17tnxpu2z4a@okaxis/P2M/d1efrr4f@ptbyl/Amazon
04/08/2022,425083,1451.68,DR,3950.78,UPI/khq1v5kwxobm@ybl/P2M/d8rwdw16@ptbyl/Amazon
04/08/2022,,753.01,DR,3197.77,UPI/pd2l7xwpnf37@axl/P2M/e15eb6qv@oksbi/Flipkart
04/08/2022,,3177.06,CR,6374.83,UPI/kae8qe3i23wr@okhdfc
04/08/2022,,1113.81,DR,5261.02,UPI/674b33hrz1xx@axl/P2M/ydm0heq4@paytm/Chala
04/08/2022,,1278.64,DR,3982.38,UPI/s52xcuu1upc3@ybl/P2M/oucmmrp3@paytm/Flipkart
04/08/2022,571955,476.38,DR,3506.0,UPI/5td85h01c00b@axl/P2M/53aqzg9l@ptbyl/Paytm
04/08/2022,,644.76,DR,2861.24,UPI/ergwqzbbgg8w@oksbi/P2M/6iti9pbr@oksbi/VENNA
04/08/2022,848715,623.46,DR,2237.78,UPI/pq87lvrcnof8@okaxis/P2M/u806cijm@ptbyl/Chala
04/08/2022,890738,992.51,DR,1245.27,UPI/czotlcdqoiwg@okhdfc/P2M/66h0o0td@oksbi/Chala
04/08/2022,912199,1105.76,DR,139.51,UPI/9bjqjbrbjgwh@oksbi/P2M/c3encwol@paytm/Flipkart
03/08/2022,335015,4037.56,CR,4177.07,UPI/oyxn7mwevj19@axl
03/08/2022,288178,2497.87,CR,6674.94,UPI/o2fpojhn89a9@paytm
03/08/2022,,887.2,DR,5787.74,UPI/zb1wbhh21c19@okhdfc/P2M/luiobsb4@paytm/BigBazaar
03/08/2022,,1951.87,CR,7739.61,UPI/zkqnv8c6zq4t@okaxis
03/08/2022,,282.78,DR,7456.83,UPI/nzywex68bveb@oksbi/P2M/43202psq@ptbsi/Edara
03/08/2022,497185,710.54,DR,6746.29,UPI/k0byk19tvp6w@oksbi/P2M/oy4bxnaf@paytm/Paytm
03/08/2022,,276.86,DR,6469.43,UPI/tshfn5b9vtuo@paytm/P2M/1mkp7ek9@oksbi/Edara
03/08/2022,,577.91,DR,5891.52,UPI/jm75z03jli3p@paytm/P2M/bgutp9vy@ptbsi/BigBazaar
03/08/2022,,940.3,DR,4951.22,UPI/g9pu2snh8wjm@okaxis/P2M/h30xs345@ptbsi/BigBazaar
03/08/2022,782155,1177.48,DR,3773.74,UPI/c2xesxby43m6@paytm/P2M/82i81e5l@paytm/VENNA
02/08/2022,,544.96,DR,3228.78,UPI/is7pda2i0r4v@oksbi/P2M/4eyhro56@paytm/VENNA
02/08/2022,,1126.73,DR,2102.05,UPI/ufog57vh2qad@paytm/P2M/q0yu0ic1@oksbi/Airtel
02/08/2022,,476.69,DR,1625.36,UPI/if5zuitcb7fb@okaxis/P2M/eorw4p75@paytm/VENNA
02/08/2022,497399,84.43,DR,1540.93,UPI/pjn8m3x6zssr@okhdfc/P2M/08bm6h43@ptbyl/VENNA
02/08/2022,396662,782.49,DR,758.44,UPI/3vhvig78guz0@axl/P2M/syjisw56@ptbyl/Chala
02/08/2022,,712.78,DR,45.66,UPI/6i1uytj2eodt@oksbi/P2M/wk6vmq91@ptbyl/Chala
02/08/2022,710755,4354.68,CR,4400.34,UPI/qre5xo2jc5lw@oksbi
02/08/2022,107084,1333.82,CR,5734.16,UPI/az0edjxnxmz4@okhdfc
02/08/2022,,54.53,DR,5679.63,UPI/vyjxyujn9uuj@axl/P2M/lbm4ni4k@ptbyl/AxisBank
02/08/2022,860791,774.8,DR,4904.83,UPI/r3zwfl3pnu30@axl/P2M/fqvcri79@ptbsi/Edara
01/08/2022,,178.41,DR,4726.42,UPI/q7lkxnapr1i8@okhdfc/P2M/e5xlofiq@ptbyl/AxisBank
01/08/2022,103150,1179.44,DR,3546.98,UPI/lbqsql1msqoc@oksbi/P2M/2tfpogbn@ptbyl/BigBazaar
01/08/2022,,915.67,DR,2631.31,UPI/pq7bwhyiafap@paytm/P2M/les4o13d@ptbyl/Amazon
01/08/2022,656150,394.68,DR,2236.63,UPI/94srcx95t5w4@okaxis/P2M/2ynisrwp@ptbsi/Chala
01/08/2022,,728.18,DR,1508.45,UPI/d6bt5btjtiak@okaxis/P2M/8h2esimb@oksbi/Amazon
01/08/2022,548024,231.46,DR,1276.99,UPI/eefdyjalls9o@okhdfc/P2M/ow5p8tal@ptbsi/AxisBank
01/08/2022,638598,1271.19,DR,5.8,UPI/h8qv75zioygy@axl/P2M/mvet82jw@paytm/Flipkart
01/08/2022,,346.39,CR,352.19,UPI/xovhytxxj16c@paytm
01/08/2022,932733,43.87,DR,308.32,UPI/xkn85uggyi19@paytm/P2M/duf37yer@ptbyl/VENNA
01/08/2022,171460,53.47,DR,254.85,UPI/ugp7k45ljexi@axl/P2M/ku1tpp8x@oksbi/VENNA
31/07/2022,,2863.79,CR,3118.64,UPI/j87i1dva6uin@oksbi
31/07/2022,,1134.58,DR,1984.06,UPI/msyioe1wr1lv@okaxis/P2M/p1up84wi@oksbi/BigBazaar
31/07/2022,351525,1376.69,DR,607.37,UPI/ggi3h8pwdg40@oksbi/P2M/jxqwr2m3@ptbsi/Paytm
31/07/2022,,268.94,DR,338.43,UPI/rcnlmaox3cnd@oksbi/P2M/pqxad064@ptbyl/Edara
31/07/2022,891848,172.44,DR,165.99,UPI/lzkvgv8ymke8@oksbi/P2M/2j5px1iz@oksbi/BigBazaar
30/07/2022,133038,4177.2,CR,4343.19,UPI/q91ur1xl8yk7@okhdfc
30/07/2022,705374,37.23,DR,4305.96,UPI/z5h84qqoli8f@paytm/P2M/ge9pax4m@oksbi/Amazon
30/07/2022,,528.58,DR,3777.38,UPI/fsiqf7ybj19a@okhdfc/P2M/s8et4xc2@ptbsi/Edara
30/07/2022,339249,4515.38,CR,8292.76,UPI/gyzf6tn18z1n@paytm
30/07/2022,913893,787.34,DR,7505.42,UPI/bxln9v1oymxm@okhdfc/P2M/320o7qht@paytm/Edara
30/07/2022,,1082.61,DR,6422.81,UPI/x72rbhmkuli1@okaxis/P2M/3e2jp2xs@oksbi/Flipkart
30/07/2022,,1864.4,CR,8287.21,UPI/4ibzr58op21e@okhdfc
30/07/2022,,1305.77,DR,6981.44,UPI/39b1hsc03gej@oksbi/P2M/bpecgv94@oksbi/Edara
30/07/2022,,1284.12,DR,5697.32,UPI/yyhja4mpel1d@ybl/P2M/q9p5629o@oksbi/Edara
30/07/2022,,1006.32,DR,4691.0,UPI/w2w4ukg5egpn@paytm/P2M/y7azkrsk@oksbi/Chala
30/07/2022,,430.48,DR,4260.52,UPI/c4h6mkxtij7q@ybl/P2M/rlda365w@paytm/Paytm
30/07/2022,490184,810.33,DR,3450.19,UPI/ahyo9qpbqmyt@ybl/P2M/sh0brny8@paytm/Chala
30/07/2022,,626.14,DR,2824.05,UPI/avrq10leocq9@axl/P2M/evk925ig@oksbi/Edara
29/07/2022,,1057.55,DR,1766.5,UPI/fsjn6bjp4e2l@okhdfc/P2M/8zh4cpe0@paytm/AxisBank
29/07/2022,,904.46,DR,862.04,UPI/qjc9qaa0am14@oksbi/P2M/9hyt3hts@oksbi/Airtel
29/07/2022,463044,256.07,DR,605.97,UPI/2grp9wzja6k1@ybl/P2M/x6ue76v6@ptbsi/VENNA
29/07/2022,,3840.09,CR,4446.06,UPI/3agec5bkokq5@oksbi
29/07/2022,885776,254.1,DR,4191.96,UPI/gf20e8igcqxg@ybl/P2M/9punlw5i@paytm/Edara
29/07/2022,,594.4,DR,3597.56,UPI/c2gqp9ojgety@oksbi/P2M/ugx1r9n7@paytm/Paytm
29/07/2022,843720,648.74,DR,2948.82,UPI/1cd9k3xc1k2m@okaxis/P2M/15swdthn@paytm/Flipkart
29/07/2022,,344.55,DR,2604.27,UPI/xmvgttm6unoo@ybl/P2M/ay0ml3hv@ptbyl/Flipkart
29/07/2022,832895,805.89,DR,1798.38,UPI/k5an85mdmduc@paytm/P2M/let6jgsw@paytm/Airtel
29/07/2022,,995.85,DR,802.53,UPI/9q3pwp3bi9n4@ybl/P2M/zatlqx2e@oksbi/Flipkart
29/07/2022,138949,475.52,DR,327.01,UPI/vmt3zszzq3mi@oksbi/P2M/jllnksbc@ptbsi/Flipkart
28/07/2022,963622,4916.76,CR,5243.77,UPI/y0jsfbbd2kgs@okaxis
28/07/2022,,803.98,DR,4439.79,UPI/4ie46q002ogz@axl/P2M/goof305q@ptbsi/VENNA
28/07/2022,927639,1208.91,DR,3230.88,UPI/o42t3psjzzod@axl/P2M/yicthxzu@oksbi/Amazon
28/07/2022,,1240.29,DR,1990.59,UPI/mbccrt28a5tc@oksbi/P2M/za9l9nvs@paytm/VENNA
28/07/2022,,1788.84,CR,3779.43,UPI/2vu81jj35uep@okaxis
28/07/2022,,1443.86,DR,2335.57,UPI/3gd9zho1u1g4@ybl/P2M/voz6pwb9@ptbsi/VENNA
28/07/2022,773265,613.42,DR,1722.15,UPI/p391hwm8x64e@oksbi/P2M/cys2wp4r@oksbi/VENNA
28/07/2022,,1380.19,DR,341.96,UPI/wmsh6u9oeajj@okhdfc/P2M/eh93jejl@ptbsi/AxisBank
28/07/2022,,3285.29,CR,3627.25,UPI/elsto8bri4p9@okhdfc
28/07/2022,,18.45,DR,3608.8,UPI/5bvj07wdvmsi@axl/P2M/fdsp759m@ptbsi/Paytm
28/07/2022,541762,270.31,DR,3338.49,UPI/5ejddq8yrlgy@paytm/P2M/cjo99gkd@ptbyl/Edara
28/07/2022,798244,32.63,DR,3305.86,UPI/ol7izmu5cojr@okhdfc/P2M/hh13bzpo@ptbyl/Edara
28/07/2022,,1271.51,DR,2034.35,UPI/ej2hzltbbsmw@okaxis/P2M/zs0mkndc@ptbyl/Flipkart
27/07/2022,,1482.46,DR,551.89,UPI/38evaoxxyph9@oksbi/P2M/9njooc42@oksbi/Edara
27/07/2022,,519.28,DR,32.61,UPI/nvjx4eko579f@okaxis/P2M/asqw5bhz@oksbi/VENNA
26/07/2022,,4212.32,CR,4244.93,UPI/gqsanx3y7l3h@paytm
26/07/2022,179386,1390.58,DR,2854.35,UPI/menpq97f1792@ybl/P2M/igizgoyj@ptbsi/Edara
26/07/2022,,1148.41,DR,1705.94,UPI/xlm6x1bwitz8@ybl/P2M/48rih6j2@paytm/Paytm
26/07/2022,,4057.25,CR,5763.19,UPI/qlzha5zpssa3@ybl
26/07/2022,517740,489.9,DR,5273.29,UPI/ofo4xz1wpifj@oksbi/P2M/k5n19c8g@ptbyl/AxisBank
26/07/2022,,259.67,DR,5013.62,UPI/ucj9uu8txevs@okhdfc/P2M/oqh5hn4c@oksbi/Paytm
26/07/2022,,150.57,DR,4863.05,UPI/ugxaqcgsaz3d@paytm/P2M/0aucakv7@paytm/Edara
26/07/2022,,1327.95,DR,3535.1,UPI/zvcnowa2ylhf@okaxis/P2M/tevm7xps@oksbi/BigBazaar
26/07/2022,,1113.26,DR,2421.84,UPI/ea2crztgiz74@paytm/P2M/a54oqqoi@paytm/Amazon
26/07/2022,446860,3872.86,CR,6294.7,UPI/ke2lcyecamva@okhdfc
26/07/2022,,3514.21,CR,9808.91,UPI/cjz6hkyk6cwc@oksbi
26/07/2022,898589,577.63,DR,9231.28,UPI/oci6ug1snvq2@axl/P2M/mjm8dtx2@paytm/VENNA
26/07/2022,137017,1078.96,DR,8152.32,UPI/dxeaka71lp26@oksbi/P2M/smnw5p6f@oksbi/Paytm
26/07/2022,336926,124.83,DR,8027.49,UPI/puc8w0md2a4r@paytm/P2M/5geonbew@ptbyl/Airtel
25/07/2022,,1313.43,DR,6714.06,UPI/b8xyogzb63ir@ybl/P2M/murm3vlu@oksbi/Airtel
25/07/2022,686597,889.01,DR,5825.05,UPI/40d00f34n8sg@okhdfc/P2M/2zv6vwx2@ptbyl/Flipkart
25/07/2022,,381.73,DR,5443.32,UPI/uy3tw3gr2dea@ybl/P2M/ys5qlrfm@ptbyl/Edara
25/07/2022,,4301.43,CR,9744.75,UPI/xeqpfat9sdcv@ybl
25/07/2022,986928,357.67,DR,9387.08,UPI/qgqy2hepbqg8@okaxis/P2M/2ki3i9a2@paytm/VENNA
25/07/2022,,258.37,DR,9128.71,UPI/kej96teijheh@oksbi/P2M/omec0st8@ptbyl/Paytm
25/07/2022,,782.89,DR,8345.82,UPI/w7cw9yg2ud4j@axl/P2M/n2ner8wl@paytm/VENNA
25/07/2022,,1097.46,DR,7248.36,UPI/4lwxj0c62dy3@axl/P2M/c6fmr7ev@ptbyl/VENNA
25/07/2022,511219,503.21,DR,6745.15,UPI/esvxn0hfivfx@axl/P2M/mxjplgrb@ptbsi/VENNA
25/07/2022,,953.4,DR,5791.75,UPI/9zzgp7atxqzq@axl/P2M/1ieyvyda@ptbyl/Paytm
25/07/2022,,3432.55,CR,9224.3,UPI/u11g2pocrv1g@oksbi
25/07/2022,,1132.33,DR,8091.97,UPI/yk8yvelpio1j@oksbi/P2M/7inbobt1@paytm/Amazon
25/07/2022,,171.29,DR,7920.68,UPI/2m0dxbblv6e2@okhdfc/P2M/0gxti7tu@ptbsi/AxisBank
25/07/2022,871718,1121.31,DR,6799.37,UPI/2jju7d8okpto@ybl/P2M/jwt3knfq@oksbi/Chala
24/07/2022,,232.6,DR,6566.77,UPI/hhfd0yc5mh8w@okhdfc/P2M/djid4hon@paytm/Edara
24/07/2022,175970,975.59,DR,5591.18,UPI/bvdrqi2qfdfj@okhdfc/P2M/rjaszzmi@ptbsi/Amazon
24/07/2022,241931,1200.47,DR,4390.71,UPI/ehx7p2xkj7g0@paytm/P2M/tg5rfzca@ptbsi/Flipkart
24/07/2022,,2840.91,CR,7231.62,UPI/qkdta98dmq6u@ybl
24/07/2022,948847,3722.26,CR,10953.88,UPI/d4pdpbyg8esj@paytm
24/07/2022,,1924.95,CR,12878.83,UPI/bbj58c8w39al@okhdfc
24/07/2022,,585.5,DR,12293.33,UPI/sglsiq96axxv@okaxis/P2M/9o2o5t5z@ptbyl/Chala
24/07/2022,,1053.93,DR,11239.4,UPI/vofm95eopiny@axl/P2M/nvi4hpxf@paytm/AxisBank
24/07/2022,364485,775.0,DR,10464.4,UPI/rla05cojav6d@paytm/P2M/68jbru0n@ptbsi/AxisBank
24/07/2022,,198.68,DR,10265.72,UPI/x3mkaso6hfnf@ybl/P2M/t2k2msp4@ptbyl/Chala
24/07/2022,949288,1476.63,DR,8789.09,UPI/14mm50z93s8o@paytm/P2M/fy8q224n@oksbi/BigBazaar
24/07/2022,,2806.35,CR,11595.44,UPI/nf333z0w3rj3@okhdfc
24/07/2022,,1247.36,DR,10348.08,UPI/w4zxlvxz0li4@okhdfc/P2M/82iff36g@paytm/VENNA
24/07/2022,666543,1131.26,CR,11479.34,UPI/da67yyos8q9g@oksbi
23/07/2022,225125,1395.57,DR,10083.77,UPI/0l2ws2k02951@oksbi/P2M/fjrf5h3k@paytm/Paytm
23/07/2022,,871.48,DR,9212.29,UPI/vrn0pejri2om@okaxis/P2M/7xevevtv@paytm/Chala
23/07/2022,,20.72,DR,9191.57,UPI/873oga4hslqk@oksbi/P2M/esafbk6z@oksbi/Chala
23/07/2022,,613.03,DR,8578.54,UPI/1q4oklln335b@okhdfc/P2M/e4cwl78g@oksbi/AxisBank
23/07/2022,106258,771.61,DR,7806.93,UPI/xd4iltezlx81@paytm/P2M/8i075nq1@paytm/BigBazaar
23/07/2022,494767,1391.73,DR,6415.2,UPI/cp4buazf7trp@okaxis/P2M/lvmwkvvt@ptbyl/BigBazaar
23/07/2022,,185.89,DR,6229.31,UPI/3qnb96xasptz@okaxis/P2M/ny6q6of7@paytm/AxisBank
23/07/2022,830897,1016.95,CR,7246.26,UPI/jph0xlsz4cnf@oksbi
23/07/2022,,2905.32,CR,10151.58,UPI/os1r8b875bo4@okhdfc
23/07/2022,824026,808.2,DR,9343.38,UPI/80jrxj5l3y70@okhdfc/P2M/j57y7k9o@ptbyl/VENNA
23/07/2022,,2094.16,CR,11437.54,UPI/uof4ccn204ls@ybl
23/07/2022,663779,784.35,DR,10653.19,UPI/23uegej3va8a@ybl/P2M/842bftg5@ptbyl/Edara
23/07/2022,573611,571.09,DR,10082.1,UPI/qnzn0rjhlrmy@axl/P2M/i4pyijtk@oksbi/Flipkart
23/07/2022,,2940.75,CR,13022.85,UPI/mwb5rdirankb@okaxis
22/07/2022,296434,1340.45,CR,14363.3,UPI/a5r2s7xj5qo9@axl
22/07/2022,750895,1686.97,CR,16050.27,UPI/ytqd2w3eunux@axl
22/07/2022,,431.44,DR,15618.83,UPI/ld4vtm9fjbzi@axl/P2M/aoxlaesw@paytm/BigBazaar
22/07/2022,,985.59,DR,14633.24,UPI/d61jqihj64a3@okhdfc/P2M/7zjhuo6f@ptbyl/VENNA
22/07/2022,892233,1372.28,DR,13260.96,UPI/zrsjr59n2g6w@oksbi/P2M/4sf8fdnf@ptbyl/Edara
22/07/2022,461137,421.97,DR,12838.99,UPI/qrj078dqwp5s@oksbi/P2M/pddu4s03@paytm/Chala
22/07/2022,554693,3486.85,CR,16325.84,UPI/e30yd2q1v2ul@oksbi
22/07/2022,466381,3104.6,CR,19430.44,UPI/nz74xpdk7w6v@oksbi
22/07/2022,,2658.97,CR,22089.41,UPI/y3nq2bh4s8cx@okaxis
22/07/2022,,453.81,DR,21635.6,UPI/c8xvabfoztxq@paytm/P2M/n1mgfawf@paytm/VENNA
22/07/2022,,1831.65,CR,23467.25,UPI/xskjhh3pb2ad@okhdfc
22/07/2022,,309.81,DR,23157.44,UPI/or0oyg7k10vx@axl/P2M/5bivzjgo@paytm/Flipkart
22/07/2022,868469,224.72,DR,22932.72,UPI/abllhvfg1yca@ybl/P2M/5qo9y02y@ptbsi/Flipkart
22/07/2022,,993.66,DR,21939.06,UPI/7olnjlyzp5it@ybl/P2M/xdz6m31b@paytm/BigBazaar
21/07/2022,,766.14,DR,21172.92,UPI/rjg8afewj7t7@okhdfc/P2M/ltk59ke7@oksbi/Amazon
21/07/2022,,515.46,DR,20657.46,UPI/u4wpcfyjrcq0@ybl/P2M/onu1v74d@paytm/Chala
21/07/2022,906637,77.94,DR,20579.52,UPI/3q4dfxgekmup@oksbi/P2M/nlvq46lz@ptbsi/Amazon
21/07/2022,,167.61,CR,20747.13,UPI/sle4cohj8y0m@okaxis
21/07/2022,,682.92,DR,20064.21,UPI/j3rkchrbe7yq@okhdfc/P2M/lejapgqo@oksbi/Airtel
21/07/2022,782759,1159.26,DR,18904.95,UPI/4ufbqv2seaiu@paytm/P2M/1td3zqjn@oksbi/Edara
21/07/2022,,1203.67,DR,17701.28,UPI/qwizkidky3ui@okhdfc/P2M/5j8ksg4p@ptbsi/Amazon
21/07/2022,796230,452.92,DR,17248.36,UPI/lbx6o4qn7gxs@axl/P2M/cnqe1xlz@ptbyl/Amazon
21/07/2022,219098,788.52,DR,16459.84,UPI/10t1afkrm04d@paytm/P2M/edy5rtaj@oksbi/AxisBank
21/07/2022,,150.74,DR,16309.1,UPI/d5dm941otcu5@ybl/P2M/iimwctwx@oksbi/VENNA
21/07/2022,,353.17,DR,15955.93,UPI/mwi74ppdxrxu@okhdfc/P2M/pjrzkx3m@oksbi/VENNA
21/07/2022,,645.33,DR,15310.6,UPI/hkkq11966lvn@oksbi/P2M/7l195l7f@oksbi/AxisBank
21/07/2022,,1448.24,CR,16758.84,UPI/6ns1zdmxpq9m@paytm
21/07/2022,,911.35,DR,15847.49,UPI/9l20tvf2ziyg@okhdfc/P2M/3lus4agr@ptbyl/BigBazaar
20/07/2022,,1178.64,DR,14668.85,UPI/8fflpzl94pu7@okaxis/P2M/dt5hj1vj@paytm/VENNA
20/07/2022,532861,83.68,DR,14585.17,UPI/tunxnhb8yjli@ybl/P2M/kzyesqsh@ptbyl/Edara
20/07/2022,,529.52,DR,14055.65,UPI/l82uy91mty88@okhdfc/P2M/9k4x5cwa@ptbsi/BigBazaar
20/07/2022,329262,3771.18,CR,17826.83,UPI/kldteuaquosu@okhdfc
20/07/2022,,611.71,DR,17215.12,UPI/p8jec96d8h1o@oksbi/P2M/737pb02j@ptbyl/Flipkart
20/07/2022,881374,207.57,DR,17007.55,UPI/eh8766gnm6xn@okhdfc/P2M/xmy8sa1x@paytm/BigBazaar
20/07/2022,445991,911.75,DR,16095.8,UPI/hq9qml3a49k1@okhdfc/P2M/vhkrwp77@oksbi/Amazon
20/07/2022,,1312.07,DR,14783.73,UPI/z0cjh3t1xqm9@okhdfc/P2M/hnp87m2f@ptbsi/Amazon
20/07/2022,683342,522.26,DR,14261.47,UPI/6xxw10afa87j@okhdfc/P2M/yc6x0oq4@ptbyl/VENNA
20/07/2022,686288,688.4,CR,14949.87,UPI/fxwn3z5a0t5f@okhdfc
20/07/2022,179227,25.99,DR,14923.88,UPI/qycnww8yoluh@okaxis/P2M/im52npkr@oksbi/Airtel
20/07/2022,,130.98,DR,14792.9,UPI/gtvl76l6ifbg@okaxis/P2M/sia1wrpe@ptbsi/Airtel
20/07/2022,,1119.45,DR,13673.45,UPI/o5ip56gqitx2@paytm/P2M/a5xvwtg2@paytm/Flipkart
20/07/2022,,1333.7,DR,12339.75,UPI/g82hnc4j5hhc@axl/P2M/e37bcf6r@ptbsi/Chala
19/07/2022,453102,591.14,DR,11748.61,UPI/hueyx5o54x5c@axl/P2M/x8kf8fjk@ptbyl/Edara
19/07/2022,,431.01,DR,11317.6,UPI/oe45fwcogmxj@paytm/P2M/19j8n4h3@ptbyl/Chala
19/07/2022,120338,1418.08,DR,9899.52,UPI/e6mgvfb4wvjw@okaxis/P2M/677c9ujv@paytm/Chala
19/07/2022,638784,387.26,DR,9512.26,UPI/lqtbmj98eayd@ybl/P2M/xrv4q46w@ptbsi/Edara
19/07/2022,456004,1134.77,DR,8377.49,UPI/yuz9oz3zjtls@ybl/P2M/pebqoxh0@ptbyl/Airtel
19/07/2022,371855,12.23,DR,8365.26,UPI/2ly9dpn88npf@okaxis/P2M/s5iezg3g@ptbyl/VENNA
19/07/2022,,143.41,DR,8221.85,UPI/pi2r7tapyzj0@ybl/P2M/6qxnte7h@oksbi/AxisBank
19/07/2022,441675,218.46,DR,8003.39,UPI/y93gvqcsecak@oksbi/P2M/3yom1urt@ptbsi/Edara
19/07/2022,,236.11,DR,7767.28,UPI/60jai2p6knwd@axl/P2M/4nszt2kb@ptbsi/Amazon
19/07/2022,999246,293.9,DR,7473.38,UPI/we2sbmhs3k5n@axl/P2M/pwmi3p2j@ptbyl/Airtel
19/07/2022,434187,794.03,DR,6679.35,UPI/miqhawpoxj4m@oksbi/P2M/xlysfmwg@oksbi/Edara
19/07/2022,,330.69,DR,6348.66,UPI/23juz5pcq52k@axl/P2M/uc94q129@ptbyl/BigBazaar
19/07/2022,457227,116.0,DR,6232.66,UPI/azz13xfu1cop@axl/P2M/gkfhess8@ptbsi/Paytm
19/07/2022,560511,610.81,DR,5621.85,UPI/teormdxwl4js@okaxis/P2M/ifgg3ezb@oksbi/Amazon
18/07/2022,176111,171.24,DR,5450.61,UPI/bjwgfojne8o2@axl/P2M/nxa06l3u@ptbsi/VENNA
18/07/2022,,1263.2,CR,6713.81,UPI/vdkf2j5x9px2@okaxis
18/07/2022,,3477.51,CR,10191.32,UPI/wg0e9oawawb1@okaxis
18/07/2022,,835.88,DR,9355.44,UPI/43j07i31723w@axl/P2M/twxqopcj@ptbyl/Chala
18/07/2022,,86.49,DR,9268.95,UPI/unc76litan43@oksbi/P2M/jv3oqvwe@ptbyl/Flipkart
18/07/2022,,2238.13,CR,11507.08,UPI/rzh81kyj9qc0@okaxis
18/07/2022,847024,830.89,DR,10676.19,UPI/jyegmewujm64@axl/P2M/l2vsac8v@ptbyl/VENNA
18/07/2022,,1021.46,DR,9654.73,UPI/921echeghct6@okhdfc/P2M/tqygo5os@ptbyl/BigBazaar
18/07/2022,,815.03,DR,8839.7,UPI/i1skqqh231xl@okhdfc/P2M/geja3zx0@oksbi/Edara
18/07/2022,433515,1107.18,DR,7732.52,UPI/fr1qf96nsg8o@axl/P2M/rq7x34uj@ptbsi/Paytm
18/07/2022,456847,349.99,DR,7382.53,UPI/qbmtdhjftrjc@oksbi/P2M/la2i6v22@ptbsi/Flipkart
18/07/2022,736365,1293.49,DR,6089.04,UPI/pxfpllbl0k4d@axl/P2M/5dxcthfk@oksbi/Flipkart
18/07/2022,456160,536.08,DR,5552.96,UPI/qt0iymi7no59@okhdfc/P2M/t7fhc9mh@oksbi/Chala
18/07/2022,291638,1109.54,CR,6662.5,UPI/z7frv6dkukxx@oksbi
17/07/2022,,1182.16,DR,5480.34,UPI/olkauow8go7o@paytm/P2M/0e0r79oz@ptbsi/Airtel
17/07/2022,460050,941.53,DR,4538.81,UPI/u663an3hfzk1@paytm/P2M/t7poo983@oksbi/Flipkart
17/07/2022,,298.95,CR,4837.76,UPI/xj4vjpxpp7lb@okhdfc
17/07/2022,,946.67,DR,3891.09,UPI/bzdpyjmknb34@okhdfc/P2M/dio93nn7@ptbyl/Amazon
17/07/2022,846349,1798.16,CR,5689.25,UPI/m376w82xa4e7@paytm
17/07/2022,200640,341.54,DR,5347.71,UPI/yfj27lva1cl2@okaxis/P2M/rn6u0g7j@ptbsi/VENNA
17/07/2022,,108.9,DR,5238.81,UPI/h4hvxpuk2cal@okaxis/P2M/8hefksvc@oksbi/AxisBank
17/07/2022,522519,227.32,DR,5011.49,UPI/7djdiuniha29@oksbi/P2M/22okwaip@ptbyl/Airtel
17/07/2022,,1117.94,DR,3893.55,UPI/798y9cgc0hwr@axl/P2M/a237r3aw@paytm/BigBazaar
17/07/2022,701776,3960.66,CR,7854.21,UPI/9ufb43wrevx7@ybl
17/07/2022,378049,1148.07,DR,6706.14,UPI/gwms3v7a7y3c@okhdfc/P2M/su8a8105@oksbi/Flipkart
17/07/2022,420006,280.53,DR,6425.61,UPI/c4qsnw424sfi@axl/P2M/0yz5h81b@ptbyl/Paytm
17/07/2022,,2156.77,CR,8582.38,UPI/323e4l16spyw@axl
17/07/2022,,236.78,DR,8345.6,UPI/b09yvtdl7llo@axl/P2M/ldcjqyko@paytm/Airtel
16/07/2022,,739.72,DR,7605.88,UPI/w23k9iomqark@oksbi/P2M/xg9c4e1w@ptbyl/Amazon
16/07/2022,897428,1999.98,CR,9605.86,UPI/bquqgxk6ih6i@ybl
16/07/2022,,661.84,DR,8944.02,UPI/w2j4edzcz7ds@okhdfc/P2M/84h1g21t@paytm/Chala
16/07/2022,,507.63,DR,8436.39,UPI/p4n97cxhgsbf@okhdfc/P2M/caa5vtab@paytm/VENNA
16/07/2022,,991.34,DR,7445.05,UPI/3bv6qby07yvz@paytm/P2M/y0sdtp4i@paytm/Paytm
16/07/2022,605682,1210.65,CR,8655.7,UPI/48oovhehz5fz@oksbi
16/07/2022,508553,2507.01,CR,11162.71,UPI/4ohmyq3d66uv@paytm
16/07/2022,,502.96,DR,10659.75,UPI/mkjxgzx4p5dw@axl/P2M/uovdqlnc@ptbsi/Amazon
16/07/2022,,3828.02,CR,14487.77,UPI/9a2e6wiqynjn@ybl
16/07/2022,,403.75,DR,14084.02,UPI/2puvltlgekcu@ybl/P2M/rlvgdk3o@oksbi/Edara
16/07/2022,159405,1098.79,DR,12985.23,UPI/6uv20hvkbopq@okhdfc/P2M/0kx5q77y@ptbyl/VENNA
16/07/2022,,2149.72,CR,15134.95,UPI/tdd9j5am6duk@paytm
16/07/2022,,141.05,DR,14993.9,UPI/r9kh4bkwdpxo@okhdfc/P2M/6cxb1pgb@paytm/Airtel
16/07/2022,429769,944.18,DR,14049.72,UPI/c7dzpvhe7sbb@oksbi/P2M/kpaepk4j@oksbi/BigBazaar
15/07/2022,,499.57,DR,13550.15,UPI/vk59tbzeftta@oksbi/P2M/18n03czq@ptbsi/VENNA
15/07/2022,,1258.01,DR,12292.14,UPI/76lvtrmf5256@oksbi/P2M/x8up7i96@paytm/Flipkart
15/07/2022,,562.57,DR,11729.57,UPI/yq5x6wcwtbcq@okhdfc/P2M/okshm239@paytm/Airtel
15/07/2022,286838,464.46,DR,11265.11,UPI/ks8udwzf5swp@okhdfc/P2M/qthpxqdy@oksbi/BigBazaar
15/07/2022,,477.23,DR,10787.88,UPI/c2rs6expotzd@okhdfc/P2M/jb3rvk5u@ptbyl/Edara
15/07/2022,954806,1046.96,DR,9740.92,UPI/yrcrqf53hhup@oksbi/P2M/uvgha0m1@ptbyl/Amazon
15/07/2022,,151.85,DR,9589.07,UPI/lqmo75stzqcl@okhdfc/P2M/eo0yqxpb@paytm/Airtel
15/07/2022,,1135.22,DR,8453.85,UPI/09yyr7v3hnf7@axl/P2M/egbhw4n9@ptbyl/AxisBank
15/07/2022,650042,681.67,CR,9135.52,UPI/8nh32lk3mkao@okhdfc
15/07/2022,,1070.25,DR,8065.27,UPI/sumyola9pco2@okaxis/P2M/w44o1mj3@ptbyl/BigBazaar
15/07/2022,,612.52,DR,7452.75,UPI/mn863bnfqsnj@paytm/P2M/00z9bcor@paytm/Amazon
15/07/2022,,1098.51,DR,6354.24,UPI/li8py7pa8id5@axl/P2M/wb16z8dn@ptbsi/Amazon
15/07/2022,,1013.76,DR,5340.48,UPI/a2xzs48rey9r@axl/P2M/q90nv05q@ptbyl/Chala
15/07/2022,,568.0,DR,4772.48,UPI/wjg58wioewny@okhdfc/P2M/9q86qlh9@ptbyl/Airtel
14/07/2022,,911.84,DR,3860.64,UPI/n2530vrqy9gg@ybl/P2M/oyx9g8tb@paytm/Amazon
14/07/2022,622742,22.74,DR,3837.9,UPI/pgvg9rxtil2t@okaxis/P2M/uqfyu04l@ptbyl/Flipkart
14/07/2022,,458.73,DR,3379.17,UPI/ugi3l3oc6zfh@okaxis/P2M/l4hzh5b7@paytm/BigBazaar
14/07/2022,,1118.01,DR,2261.16,UPI/asgesy1ogefg@axl/P2M/6sz52kji@paytm/Amazon
14/07/2022,,1443.03,DR,818.13,UPI/n4en4z2lt1mp@paytm/P2M/eczz5kxr@ptbsi/Paytm
14/07/2022,842060,219.83,DR,598.3,UPI/0mruut8epyis@okaxis/P2M/c8eh34mk@paytm/Paytm
14/07/2022,,294.28,DR,304.02,UPI/epv7nslf1apn@okhdfc/P2M/x5c8g15i@oksbi/VENNA
14/07/2022,,191.24,DR,112.78,UPI/05q6tgjmchzm@axl/P2M/oeqp5kbi@ptbsi/AxisBank
13/07/2022,,3423.44,CR,3536.22,UPI/e9v8o1kdg0x3@okaxis
13/07/2022,163512,423.45,DR,3112.77,UPI/51mug6n4h2fk@oksbi/P2M/4bskaxc2@ptbyl/AxisBank
13/07/2022,176865,4374.3,CR,7487.07,UPI/e5st6q6hlv6s@oksbi
13/07/2022,711543,4961.99,CR,12449.06,UPI/ja4v2kf0ezy3@okhdfc
13/07/2022,,2386.23,CR,14835.29,UPI/1k8veqz92nhq@paytm
13/07/2022,,1088.89,DR,13746.4,UPI/7orok969o9yn@okhdfc/P2M/lmr2rdyp@ptbsi/Amazon
13/07/2022,629162,534.6,DR,13211.8,UPI/6s4qzs55c7va@ybl/P2M/jc7bczzz@paytm/Paytm
13/07/2022,960494,441.4,DR,12770.4,UPI/uumzh034u786@axl/P2M/cb8p55ws@ptbyl/Flipkart
13/07/2022,,878.3,DR,11892.1,UPI/i2w5irldgpqu@oksbi/P2M/ftqqmhw3@oksbi/Edara
13/07/2022,,1474.2,DR,10417.9,UPI/cvc7k1kg6jj9@ybl/P2M/dl2mxnsy@ptbsi/Amazon
13/07/2022,628647,937.82,DR,9480.08,UPI/tclvfgdc58ch@ybl/P2M/b474dua6@paytm/Edara
13/07/2022,,253.86,DR,9226.22,UPI/1lk0idp35ffu@okaxis/P2M/2k6ptx3d@ptbsi/Amazon
13/07/2022,,1336.0,DR,7890.22,UPI/ysj2kuwsm7d7@oksbi/P2M/2y7ev3v9@paytm/Airtel
13/07/2022,,664.39,DR,7225.83,UPI/ejhsfnk54iqd@okhdfc/P2M/26vffmbi@ptbyl/Edara
12/07/2022,,1000.93,DR,6224.9,UPI/djov9a9xjiqm@paytm/P2M/9hgf3rvw@oksbi/VENNA
12/07/2022,690742,973.86,DR,5251.04,UPI/gaocvrvyqbe1@okhdfc/P2M/qb5pvcmm@oksbi/Chala
12/07/2022,,1740.17,CR,6991.21,UPI/cej1xaf6d8n1@okhdfc
12/07/2022,,4880.46,CR,11871.67,UPI/f3u5aq95ha07@axl
12/07/2022,,1024.2,DR,10847.47,UPI/v5kmbk8z1wg4@okhdfc/P2M/9hfc45hu@paytm/AxisBank
12/07/2022,854857,1033.74,DR,9813.73,UPI/f1p4hgz25gpx@axl/P2M/btykejou@paytm/Airtel
12/07/2022,890222,191.39,DR,9622.34,UPI/8hhjyjz1g4gv@okhdfc/P2M/rl76ty2k@ptbsi/Chala
12/07/2022,432620,531.97,DR,9090.37,UPI/iqleajjqonpd@oksbi/P2M/umnibqhf@ptbsi/Edara
12/07/2022,,963.21,DR,8127.16,UPI/u5k6ghckpcfs@axl/P2M/iejmqt2w@paytm/BigBazaar
12/07/2022,639661,292.35,DR,7834.81,UPI/e1t7oezrii1j@okhdfc/P2M/gjto1hiz@oksbi/BigBazaar
12/07/2022,,855.42,DR,6979.39,UPI/whb6wvqryyxz@okhdfc/P2M/pdfqpnjf@paytm/Flipkart
12/07/2022,573048,220.7,DR,6758.69,UPI/db2cp6l3p3jq@paytm/P2M/3kz7zrss@paytm/Paytm
12/07/2022,,376.62,DR,6382.07,UPI/fxhs2nxspf7g@okhdfc/P2M/imemeo4v@ptbyl/Paytm
12/07/2022,578265,4858.5,CR,11240.57,UPI/trdktmvk7e6w@oksbi
11/07/2022,,178.65,DR,11061.92,UPI/9bna2gn35yok@axl/P2M/dfy4059q@oksbi/Amazon
11/07/2022,,686.39,DR,10375.53,UPI/yn8eivvgvp6v@okhdfc/P2M/z4puo6vw@oksbi/Edara
11/07/2022,182395,202.6,DR,10172.93,UPI/785qce2ti738@axl/P2M/lgrsh4mz@oksbi/Airtel
11/07/2022,143744,160.66,DR,10012.27,UPI/klaqzw8ccu69@paytm/P2M/5q4y4i0m@ptbsi/Airtel
11/07/2022,460379,388.61,DR,9623.66,UPI/y9d53khx2ayu@okhdfc/P2M/9jw8m4cd@ptbsi/AxisBank
11/07/2022,,229.03,DR,9394.63,UPI/rk56f6brm620@ybl/P2M/g0ak4zdt@ptbsi/BigBazaar
11/07/2022,,876.07,DR,8518.56,UPI/frd316wpxmly@oksbi/P2M/vcspodh8@ptbsi/Edara
11/07/2022,,337.16,DR,8181.4,UPI/nhhe9bl1w1qp@okaxis/P2M/il5lg0tx@ptbsi/Edara
11/07/2022,906430,357.67,DR,7823.73,UPI/3ihgifm2xloq@okaxis/P2M/ko0f4blf@ptbyl/Amazon
11/07/2022,390891,243.33,DR,7580.4,UPI/vgd7smutkgc6@oksbi/P2M/271q9omb@paytm/Edara
11/07/2022,,707.17,DR,6873.23,UPI/htwr9hspczjn@okaxis/P2M/zbudt3ck@paytm/Amazon
11/07/2022,,1224.97,DR,5648.26,UPI/iw8se577zlsv@okaxis/P2M/zg6xgv7v@ptbsi/Amazon
11/07/2022,,1332.1,DR,4316.16,UPI/nmz9lyro704f@okhdfc/P2M/6l075ey3@ptbsi/Chala
11/07/2022,,1203.35,DR,3112.81,UPI/1grdxah3xh84@ybl/P2M/2q0ojj3m@oksbi/AxisBank
10/07/2022,743555,420.83,DR,2691.98,UPI/rrqklnioxg7x@okhdfc/P2M/nbcrpwlw@oksbi/Airtel
10/07/2022,,860.73,DR,1831.25,UPI/pu3sy5suz8h3@ybl/P2M/02q3aahe@ptbyl/Paytm
10/07/2022,,1193.89,DR,637.36,UPI/7u4bbslao3uq@okaxis/P2M/93wjlq0c@oksbi/Flipkart
10/07/2022,,481.81,DR,155.55,UPI/dzm7iax468sy@okaxis/P2M/t3ue8knc@ptbsi/Paytm
10/07/2022,835818,2175.62,CR,2331.17,UPI/aexbohttkmuu@okhdfc
10/07/2022,,1149.43,DR,1181.74,UPI/tkaatudmnia6@oksbi/P2M/rhhrzabf@ptbsi/VENNA
10/07/2022,,479.76,DR,701.98,UPI/2l8lgnsiinux@axl/P2M/onvvbu4r@paytm/Paytm
10/07/2022,738257,556.2,DR,145.78,UPI/qgs8v624olsi@oksbi/P2M/np3dqyly@ptbsi/AxisBank
10/07/2022,764533,105.89,DR,39.89,UPI/rvzk719fcede@paytm/P2M/73wyx50u@paytm/Edara
10/07/2022,993790,2866.67,CR,2906.56,UPI/7rok95307gyk@ybl
09/07/2022,,1343.35,DR,1563.21,UPI/db0l16kc3i9j@ybl/P2M/plkqmdes@paytm/Paytm
09/07/2022,,869.27,DR,693.94,UPI/3tqeiscgod7j@axl/P2M/8vf3nekp@ptbyl/VENNA
09/07/2022,792890,1903.12,CR,2597.06,UPI/aodl348qcxw0@okhdfc
09/07/2022,865199,536.33,DR,2060.73,UPI/ybzx6h8cirg1@okhdfc/P2M/7pczutdu@ptbsi/Flipkart
09/07/2022,553597,648.62,DR,1412.11,UPI/0thdv4zp7xxe@okaxis/P2M/elyduimq@ptbsi/Paytm
09/07/2022,,274.31,DR,1137.8,UPI/3xm5t572msts@paytm/P2M/vhatdt0s@oksbi/Paytm
09/07/2022,103675,58.05,DR,1079.75,UPI/rhbleb2m8776@ybl/P2M/egtpm1sm@ptbyl/VENNA
09/07/2022,282315,418.79,DR,660.96,UPI/3xua5mo2nk7b@axl/P2M/t0pn5rt4@oksbi/VENNA
09/07/2022,,155.47,DR,505.49,UPI/5wx6208pnj6a@oksbi/P2M/54j4s9dd@ptbsi/AxisBank
09/07/2022,520534,481.77,DR,23.72,UPI/1mlb4eoffhn1@okhdfc/P2M/t313o6hh@oksbi/BigBazaar
08/07/2022,984250,507.29,CR,531.01,UPI/gaep6i28waf2@oksbi
08/07/2022,126052,372.08,DR,158.93,UPI/dy6kxrhi1quh@ybl/P2M/y04flnhr@oksbi/Amazon
08/07/2022,,4339.49,CR,4498.42,UPI/b3wo696w1pa9@axl
08/07/2022,,489.61,DR,4008.81,UPI/a21z37if21eo@oksbi/P2M/vppzl2lz@ptbyl/Paytm
08/07/2022,458094,1051.77,DR,2957.04,UPI/we3hytid19ap@paytm/P2M/lfnlsy7r@ptbyl/Amazon
08/07/2022,,326.23,DR,2630.81,UPI/heq8tmf53dpk@ybl/P2M/9xwlhjkx@oksbi/Airtel
08/07/2022,,553.57,DR,2077.24,UPI/x1lwsejlfiq9@axl/P2M/2a6wnm1p@ptbyl/AxisBank
08/07/2022,,1338.47,DR,738.77,UPI/wht4d3n6jghi@oksbi/P2M/72heoofh@paytm/Flipkart
08/07/2022,473705,1499.29,CR,2238.06,UPI/e52npoqh4coc@ybl
08/07/2022,,1371.82,DR,866.24,UPI/8tao2yf3an09@paytm/P2M/o4mccffb@ptbsi/Edara
07/07/2022,,322.99,DR,543.25,UPI/gy4rjofxutwp@paytm/P2M/bt40k3tt@paytm/Chala
07/07/2022,,112.02,DR,431.23,UPI/lt3ltc9hy798@axl/P2M/t38hn85g@ptbyl/Chala
07/07/2022,,527.25,CR,958.48,UPI/lne6ztdp0xpy@oksbi
07/07/2022,,740.62,DR,217.86,UPI/ph1vcl6f1v2w@axl/P2M/woa73gvt@oksbi/AxisBank
07/07/2022,,14.12,DR,203.74,UPI/w0xrylbllfk8@okhdfc/P2M/q3u6ccx9@ptbyl/Airtel
07/07/2022,703881,1543.14,CR,1746.88,UPI/n4derwsou6v5@axl
06/07/2022,585693,927.76,DR,819.12,UPI/h06oapqmrj8n@paytm/P2M/gua7u8do@ptbyl/BigBazaar
06/07/2022,453997,508.52,DR,310.6,UPI/zaelfyrjf117@paytm/P2M/z8pgcy0w@paytm/VENNA
06/07/2022,,4987.92,CR,5298.52,UPI/50fibydu9bi7@okhdfc
06/07/2022,877710,679.82,DR,4618.7,UPI/kmy48ia0cay1@okhdfc/P2M/wo9tkd27@oksbi/Amazon
06/07/2022,,1995.49,CR,6614.19,UPI/mlbkk2u9j6jy@ybl
06/07/2022,,693.81,DR,5920.38,UPI/j5763sqp2zf0@okaxis/P2M/pjayfpks@oksbi/AxisBank
06/07/2022,,509.33,DR,5411.05,UPI/kz7qkn909znq@okhdfc/P2M/py8q35ax@ptbyl/BigBazaar
06/07/2022,,970.99,DR,4440.06,UPI/l6f3jay0cy9q@oksbi/P2M/nan2yhdx@oksbi/VENNA
06/07/2022,284237,770.25,DR,3669.81,UPI/m9d05pw9hy5a@oksbi/P2M/1gxx7w4n@oksbi/AxisBank
06/07/2022,889177,565.86,DR,3103.95,UPI/d6bk32u15y7r@okhdfc/P2M/hc6t61ry@ptbsi/AxisBank
06/07/2022,,1417.22,DR,1686.73,UPI/e5juvjgzmkat@axl/P2M/0b7xfyob@oksbi/Amazon
06/07/2022,111387,1331.83,DR,354.9,UPI/79we1z15lejw@okhdfc/P2M/83kudbzv@ptbsi/Paytm
06/07/2022,,1904.47,CR,2259.37,UPI/72kbqo3wax46@axl
05/07/2022,,186.46,DR,2072.91,UPI/j71gyzgyux10@okaxis/P2M/3q0hrsoh@oksbi/Edara
05/07/2022,,904.48,DR,1168.43,UPI/jqnsbp4rsr6d@paytm/P2M/b1fcr2gx@ptbyl/Airtel
05/07/2022,898918,194.42,DR,974.01,UPI/wa4yiijtubu9@okaxis/P2M/8731dkq6@ptbsi/BigBazaar
05/07/2022,,41.62,DR,932.39,UPI/gh9msfwstpnl@axl/P2M/b2pqsj4r@paytm/BigBazaar
05/07/2022,,507.71,DR,424.68,UPI/40rw8hosklmh@okhdfc/P2M/q2frsjom@oksbi/Amazon
05/07/2022,414505,3986.42,CR,4411.1,UPI/rpxj3gqau31e@okhdfc
05/07/2022,356342,31.69,DR,4379.41,UPI/99q0ve8zjii9@okaxis/P2M/g527w1ub@oksbi/Chala
05/07/2022,,358.97,DR,4020.44,UPI/f55ssl3ovck5@ybl/P2M/lzjdrqzz@oksbi/VENNA
05/07/2022,,311.98,CR,4332.42,UPI/sc1l617le3d3@paytm
05/07/2022,,10.35,DR,4322.07,UPI/2eu93q8f0uuw@paytm/P2M/kfzjhdzh@ptbsi/Edara
05/07/2022,,355.44,DR,3966.63,UPI/7o5gjx02oas4@ybl/P2M/tcjq3ofu@ptbyl/VENNA
05/07/2022,,1302.97,DR,2663.66,UPI/dolhj7jh2r35@ybl/P2M/tte00v5a@ptbyl/AxisBank
04/07/2022,,1388.65,DR,1275.01,UPI/0o2m0tywyvwp@okaxis/P2M/ssnpj9uj@ptbsi/Airtel
04/07/2022,,1200.27,DR,74.74,UPI/y0v5a9ja64p5@ybl/P2M/4g79u5p4@oksbi/Edara
03/07/2022,,2102.22,CR,2176.96,UPI/3vp26mk50220@ybl
03/07/2022,,319.8,DR,1857.16,UPI/fpprias2rw7w@paytm/P2M/av9wa4lw@ptbsi/Chala
03/07/2022,,346.6,DR,1510.56,UPI/jhuiqpplw9lu@oksbi/P2M/dzxwyaus@paytm/Edara
03/07/2022,,562.13,DR,948.43,UPI/zypbb39pp8em@ybl/P2M/ofoux3zv@ptbyl/Flipkart
03/07/2022,154152,299.82,DR,648.61,UPI/dpuro12xopx3@axl/P2M/p2d9hfgq@paytm/Amazon
03/07/2022,,519.81,CR,1168.42,UPI/q2ns7l11k23k@okaxis
03/07/2022,,976.98,DR,191.44,UPI/bt4ogef9o4cp@axl/P2M/sjcwapkx@ptbsi/BigBazaar
03/07/2022,,33.59,DR,157.85,UPI/whfhknyatyni@paytm/P2M/wwqxpnfb@ptbyl/VENNA
03/07/2022,839985,1544.1,CR,1701.95,UPI/mw9mk0v0i3q5@paytm
03/07/2022,,328.31,DR,1373.64,UPI/9todn35q46yp@okhdfc/P2M/pmhoxiwy@paytm/Edara
03/07/2022,,938.1,DR,435.54,UPI/071fiyx7tbx6@oksbi/P2M/qcoz0vh4@ptbsi/VENNA
02/07/2022,,2054.38,CR,2489.92,UPI/9rpq75arvzu8@okaxis
02/07/2022,562046,218.85,DR,2271.07,UPI/d9hu3vu0ww5u@paytm/P2M/xcinhwr0@paytm/Amazon
02/07/2022,,1316.13,DR,954.94,UPI/ckx9pwpwrsur@okaxis/P2M/3yljaxnv@oksbi/VENNA
02/07/2022,184145,3635.26,CR,4590.2,UPI/7pkoejzaynhl@oksbi
02/07/2022,,826.21,DR,3763.99,UPI/2s4d4589jiqu@oksbi/P2M/f6v4yjwn@ptbyl/AxisBank
02/07/2022,,227.71,DR,3536.28,UPI/a7m5qnkcuie7@paytm/P2M/tezntefh@oksbi/Amazon
02/07/2022,,750.45,DR,2785.83,UPI/mlhybjwatx3k@axl/P2M/fh73pbrt@ptbyl/Airtel
02/07/2022,428422,166.47,DR,2619.36,UPI/blo3z038esr8@axl/P2M/q25swk3o@paytm/Flipkart
02/07/2022,695470,289.04,DR,2330.32,UPI/358ew8o5g74i@ybl/P2M/38uuqxh5@ptbyl/Airtel
02/07/2022,294592,686.7,DR,1643.62,UPI/ygytd5vts6ht@okaxis/P2M/2f0kwzyi@ptbsi/Edara
02/07/2022,,580.65,DR,1062.97,UPI/uw3wjtm43v6t@okaxis/P2M/7slgeklh@ptbyl/AxisBank
02/07/2022,569088,4491.2,CR,5554.17,UPI/g31ujnkir7jc@axl
01/07/2022,534940,1095.89,DR,4458.28,UPI/mq63z4le2kuu@okhdfc/P2M/2ifywo9i@ptbyl/Flipkart
01/07/2022,,4741.01,CR,9199.29,UPI/sdiq5l83zww7@okaxis
01/07/2022,,706.11,DR,8493.18,UPI/sqbzj0ey0kdc@paytm/P2M/7e7i6r9z@paytm/Edara
01/07/2022,667991,268.88,DR,8224.3,UPI/dmj50hm05apz@okaxis/P2M/1fa2ad8e@ptbsi/Airtel
01/07/2022,215348,1077.96,DR,7146.34,UPI/kz5jtu1alusg@paytm/P2M/eg4fdb2r@ptbsi/BigBazaar
01/07/2022,,513.79,DR,6632.55,UPI/p9y41rdlcdap@ybl/P2M/njfzn5eu@oksbi/Airtel
01/07/2022,,4216.17,CR,10848.72,UPI/0eie3dlui4c4@oksbi
01/07/2022,,1350.21,DR,9498.51,UPI/llhshkmne5uo@okhdfc/P2M/x7pnz5ik@ptbsi/AxisBank
01/07/2022,633175,321.64,DR,9176.87,UPI/3tq8s9qw8kcj@okhdfc/P2M/5uf566i1@oksbi/Chala
01/07/2022,184321,773.61,DR,8403.26,UPI/yg4yggea4gnr@ybl/P2M/2pc2dlni@paytm/Edara
01/07/2022,,279.13,DR,8124.13,UPI/fv2toj3cioyw@paytm/P2M/bi6sj0fo@ptbsi/Amazon
01/07/2022,,511.24,DR,7612.89,UPI/01hxjt4bo6e8@oksbi/P2M/edk0deh4@paytm/Flipkart
01/07/2022,,953.49,DR,6659.4,UPI/27spshle5lcq@okhdfc/P2M/shibabsa@paytm/Amazon
01/07/2022,459881,283.34,DR,6376.06,UPI/02mbp681121p@ybl/P2M/08narusj@ptbsi/BigBazaar
