Date,Instrument ID,Amount,Type,Balance,Remarks
31/03/2023,497316,4608.49,CR,5487.4,UPI/03qdehkl4g7j@paytm
31/03/2023,364340,1460.35,DR,4027.05,UPI/xi4064n64mat@okaxis/P2M/cr4mc4gi@paytm/BigBazaar
31/03/2023,372620,759.15,DR,3267.9,UPI/qpor7lj9geow@okhdfc/P2M/ygy5y3tk@oksbi/Paytm
31/03/2023,940013,380.8,DR,2887.1,UPI/ijf5j3vpui44@okhdfc/P2M/7k2002ej@oksbi/Airtel
31/03/2023,364728,1099.97,DR,1787.13,UPI/ngn3odoh35kb@ybl/P2M/xvyj1oy3@paytm/Flipkart
31/03/2023,,358.0,DR,1429.13,UPI/he9rgwka4qo3@oksbi/P2M/ybll569v@ptbsi/Edara
31/03/2023,,1211.9,DR,217.23,UPI/z7nq4sye42vt@paytm/P2M/poquaue3@paytm/Edara
30/03/2023,,3895.05,CR,4112.28,UPI/of43n7zfzsh0@oksbi
30/03/2023,174007,794.78,DR,3317.5,UPI/gxlclke98fyd@paytm/P2M/l0tk0n53@paytm/AxisBank
30/03/2023,,150.3,DR,3167.2,UPI/sl0w3r2mgrvk@okhdfc/P2M/o83hkj90@ptbyl/Amazon
30/03/2023,236902,888.11,DR,2279.09,UPI/3rn5it64sxhl@axl/P2M/8plraq5j@paytm/Chala
30/03/2023,,1200.17,CR,3479.26,UPI/n9z2z460rd6c@oksbi
30/03/2023,883615,3176.95,CR,6656.21,UPI/o2jp284hnid5@axl
30/03/2023,,541.67,DR,6114.54,UPI/tj60qj9x20cl@axl/P2M/dqc5evbx@ptbsi/Paytm
30/03/2023,,287.93,DR,5826.61,UPI/lcck7o3u06ph@axl/P2M/ev1y2m3e@oksbi/AxisBank
30/03/2023,419700,1131.8,DR,4694.81,UPI/e7worp3pdc8v@axl/P2M/zx11h2a5@paytm/Amazon
29/03/2023,,1001.7,DR,3693.11,UPI/gmdqyzneos1u@paytm/P2M/klp0ipyp@ptbsi/Airtel
29/03/2023,,114.56,DR,3578.55,UPI/31pgivpuf1sh@okhdfc/P2M/k2lg9teh@ptbsi/Flipkart
29/03/2023,,1372.24,DR,2206.31,UPI/9kdtr9u0s6k6@paytm/P2M/p7sok7hw@paytm/AxisBank
29/03/2023,825353,361.47,DR,1844.84,UPI/7ozdv23f8cxi@axl/P2M/5ca73zk2@paytm/BigBazaar
29/03/2023,,1447.55,DR,397.29,UPI/bh171lhepimq@oksbi/P2M/41mnj2mu@ptbsi/Airtel
29/03/2023,,2420.18,CR,2817.47,UPI/des241nlma0m@paytm
29/03/2023,,2982.12,CR,5799.59,UPI/ov1lp5rr97r0@axl
29/03/2023,,792.52,DR,5007.07,UPI/jovgvsdxjtfu@axl/P2M/clu3boie@paytm/BigBazaar
29/03/2023,,2195.07,CR,7202.14,UPI/4wbexr16h233@paytm
29/03/2023,297174,4044.07,CR,11246.21,UPI/e9qnmgw0a14c@paytm
29/03/2023,,4898.08,CR,16144.29,UPI/c4qu68q40cdz@okhdfc
29/03/2023,,708.04,DR,15436.25,UPI/olf6ub262dvf@oksbi/P2M/ech4xttt@ptbyl/Paytm
29/03/2023,,422.68,DR,15013.57,UPI/2i6wud7kyfcb@oksbi/P2M/ks3gi4he@paytm/Chala
28/03/2023,,212.06,DR,14801.51,UPI/0dbsgzgu3uke@okhdfc/P2M/hf4t7znm@paytm/Chala
28/03/2023,664593,66.12,DR,14735.39,UPI/uerxptir2f51@axl/P2M/kw1v2198@ptbsi/Paytm
28/03/2023,,1481.11,DR,13254.28,UPI/qmijhp9b37st@axl/P2M/q9wq0133@oksbi/Airtel
28/03/2023,,2475.17,CR,15729.45,UPI/k7d86hv6gte4@ybl
28/03/2023,,831.47,DR,14897.98,UPI/b4vpvnobr4m4@okhdfc/P2M/44wuycp9@ptbsi/Edara
28/03/2023,193126,1159.36,DR,13738.62,UPI/bdd1myfon763@axl/P2M/i1b2vpks@oksbi/BigBazaar
28/03/2023,,349.16,DR,13389.46,UPI/u0mv0v43oadb@oksbi/P2M/pi822ia8@paytm/Paytm
28/03/2023,,1414.28,DR,11975.18,UPI/g9njfqvzws6z@oksbi/P2M/bi4k342f@paytm/Paytm
28/03/2023,961714,1134.44,DR,10840.74,UPI/ar6z8fgivmoo@oksbi/P2M/notab25l@ptbyl/VENNA
28/03/2023,252610,388.1,DR,10452.64,UPI/9yuknhazmi48@ybl/P2M/5algw2xy@ptbyl/VENNA
28/03/2023,,540.45,DR,9912.19,UPI/4hfswec0e4uw@axl/P2M/zynlh0f0@ptbyl/AxisBank
28/03/2023,,645.63,DR,9266.56,UPI/tw0wdx9ykwlm@oksbi/P2M/ikar7yq1@ptbsi/Amazon
28/03/2023,809727,3702.5,CR,12969.06,UPI/f15bd43i82ad@ybl
27/03/2023,,1286.95,CR,14256.01,UPI/tn5vtexnjhr1@ybl
27/03/2023,,530.14,DR,13725.87,UPI/fdsdl9mmnxp9@oksbi/P2M/ilrq5rhl@paytm/BigBazaar
27/03/2023,273226,164.74,DR,13561.13,UPI/vmy70h4lfatf@okaxis/P2M/0s2hgabw@ptbsi/Edara
27/03/2023,,468.17,DR,13092.96,UPI/uudvlipevxrl@paytm/P2M/i9995mt1@paytm/Amazon
27/03/2023,,699.32,DR,12393.64,UPI/37ipazttbill@okhdfc/P2M/whd5izm5@ptbyl/AxisBank
27/03/2023,,539.2,CR,12932.84,UPI/al87nmax9xyd@okhdfc
27/03/2023,,1266.7,DR,11666.14,UPI/i1lpqk3mg875@okaxis/P2M/7lpaoprk@paytm/Airtel
27/03/2023,,1434.94,DR,10231.2,UPI/gdrnmjfhxhhy@oksbi/P2M/nku72iwy@oksbi/VENNA
27/03/2023,896263,17.13,DR,10214.07,UPI/5vmb5p9mvl2t@ybl/P2M/a1yixsd5@ptbsi/Chala
27/03/2023,411245,22.12,DR,10191.95,UPI/7g13t3xolmqv@okaxis/P2M/36jgdadp@ptbyl/Paytm
27/03/2023,943652,1353.19,DR,8838.76,UPI/uwihfe1ugwzm@okhdfc/P2M/iquda2z6@oksbi/AxisBank
27/03/2023,969460,457.09,DR,8381.67,UPI/iq9vj5omh6p7@okaxis/P2M/qv5hbozj@paytm/AxisBank
27/03/2023,,12.79,DR,8368.88,UPI/4xmdtz4n4boz@axl/P2M/ph3gkoqt@ptbyl/Chala
26/03/2023,141586,75.88,DR,8293.0,UPI/vd95zvy5eajb@ybl/P2M/zl3ivb5p@oksbi/AxisBank
26/03/2023,,290.32,DR,8002.68,UPI/gu9oes3giuv0@oksbi/P2M/4ly2k0zc@ptbsi/Chala
26/03/2023,,149.19,DR,7853.49,UPI/34tginz80w48@ybl/P2M/3njklgep@ptbsi/Edara
26/03/2023,,2898.73,CR,10752.22,UPI/4g704rku7c54@okhdfc
26/03/2023,,286.75,DR,10465.47,UPI/qp60mqjmtmbw@axl/P2M/tazsbq9j@oksbi/Amazon
26/03/2023,314914,797.26,DR,9668.21,UPI/7k6hp1d3azp6@paytm/P2M/zj7nv646@paytm/Amazon
26/03/2023,,1427.78,DR,8240.43,UPI/ee9s7e2gnq3v@okhdfc/P2M/mu36v24s@ptbsi/VENNA
26/03/2023,,1058.43,DR,7182.0,UPI/6d72oe621ztk@axl/P2M/rbuyre8m@paytm/Paytm
26/03/2023,942787,338.68,DR,6843.32,UPI/1fsdnicbl1s5@okhdfc/P2M/tuloni9n@paytm/Chala
26/03/2023,705952,837.73,DR,6005.59,UPI/vs5sl8auwhp9@oksbi/P2M/xdamsham@ptbyl/BigBazaar
26/03/2023,,593.16,DR,5412.43,UPI/iej5w69q1w0f@okhdfc/P2M/qe6b8qlp@ptbsi/AxisBank
26/03/2023,,581.27,DR,4831.16,UPI/j272uadz9dog@okhdfc/P2M/4v7h0fxa@ptbyl/Paytm
26/03/2023,,443.22,DR,4387.94,UPI/yp0xlc2jyzwk@okaxis/P2M/mdl4lh4n@oksbi/VENNA
25/03/2023,325067,3425.14,CR,7813.08,UPI/sezxhl9hs1o8@ybl
25/03/2023,883353,4045.06,CR,11858.14,UPI/ovetty44ak87@paytm
25/03/2023,,1319.7,DR,10538.44,UPI/woxlq4htchbh@ybl/P2M/o4j7kuid@ptbyl/AxisBank
25/03/2023,,348.25,DR,10190.19,UPI/mw3s57m0mcyv@okaxis/P2M/eji270od@ptbyl/BigBazaar
25/03/2023,,2362.49,CR,12552.68,UPI/fj270a2g1stj@oksbi
25/03/2023,,405.55,DR,12147.13,UPI/7rmewrqnjtz2@ybl/P2M/5waye391@oksbi/Paytm
25/03/2023,835241,895.27,DR,11251.86,UPI/oo0rawinyr6h@oksbi/P2M/z82e6pv8@paytm/VENNA
25/03/2023,,1191.69,DR,10060.17,UPI/c8i89sgtvvdc@paytm/P2M/ecbilrhc@ptbsi/Amazon
25/03/2023,,648.14,DR,9412.03,UPI/g8nwcajl4ezu@ybl/P2M/6b2ilq68@ptbsi/VENNA
25/03/2023,577764,1049.4,CR,10461.43,UPI/y63ja6ev2v0e@paytm
25/03/2023,662182,54.12,DR,10407.31,UPI/r9wqkcwandqu@paytm/P2M/builoy07@ptbsi/BigBazaar
25/03/2023,,323.61,DR,10083.7,UPI/24d5nhnb03gm@okaxis/P2M/uaeemtv5@ptbyl/BigBazaar
25/03/2023,472690,1442.92,DR,8640.78,UPI/v8stnyz5tv6n@ybl/P2M/eppddzrp@ptbyl/Paytm
24/03/2023,,1091.45,DR,7549.33,UPI/p91j2cs9v0xz@axl/P2M/libd7o1b@ptbsi/VENNA
24/03/2023,815588,25.3,DR,7524.03,UPI/jdl0d38a0k8p@okaxis/P2M/cmqdbhym@ptbsi/Flipkart
24/03/2023,,856.41,DR,6667.62,UPI/i81c0t72dn5k@oksbi/P2M/aogpzazy@paytm/Chala
24/03/2023,,945.09,DR,5722.53,UPI/pgv3f28jlssv@ybl/P2M/nva80zr4@ptbsi/AxisBank
24/03/2023,659796,925.72,DR,4796.81,UPI/3sisea3pohhz@axl/P2M/27eu0i4f@paytm/Airtel
24/03/2023,,304.0,DR,4492.81,UPI/lzddhj9d3v5g@okaxis/P2M/uqym79jk@paytm/VENNA
24/03/2023,125199,1262.87,CR,5755.68,UPI/cz4901suboxi@okhdfc
24/03/2023,476272,1315.46,DR,4440.22,UPI/d0h97aerpvx9@okaxis/P2M/qmqt5hkq@oksbi/Flipkart
24/03/2023,,1077.37,DR,3362.85,UPI/mcq90zh3x8km@ybl/P2M/qw4t9dup@oksbi/Airtel
24/03/2023,,957.53,DR,2405.32,UPI/4kopjsunqfsu@okhdfc/P2M/ci9a1h00@oksbi/Paytm
24/03/2023,,497.19,DR,1908.13,UPI/ea2jhbpm96su@okaxis/P2M/v0d255ul@oksbi/Amazon
24/03/2023,192169,718.4,DR,1189.73,UPI/6ut453gn2zmp@oksbi/P2M/6ddyhmqc@ptbyl/BigBazaar
24/03/2023,870595,309.36,DR,880.37,UPI/28bjl76touyv@axl/P2M/xh3cmsqo@ptbsi/VENNA
23/03/2023,,422.04,DR,458.33,UPI/it59rphzdbdk@ybl/P2M/7thu3i7y@ptbsi/Airtel
23/03/2023,826587,3835.86,CR,4294.19,UPI/2xzcg5nmug6d@oksbi
23/03/2023,144086,137.67,DR,4156.52,UPI/tufd6ey44v7w@okaxis/P2M/hl88ehkk@paytm/AxisBank
23/03/2023,566656,1387.73,DR,2768.79,UPI/khpxw2vx1hru@axl/P2M/dsho7vzk@oksbi/Amazon
23/03/2023,,918.32,DR,1850.47,UPI/2fakfr6r0sfl@okaxis/P2M/iyjfv31q@ptbyl/AxisBank
23/03/2023,,39.43,DR,1811.04,UPI/490a1k2d6obu@paytm/P2M/tknriysk@oksbi/Flipkart
23/03/2023,191491,991.14,DR,819.9,UPI/ifrg6u672ony@okaxis/P2M/ie10bzkf@oksbi/VENNA
22/03/2023,190387,160.87,DR,659.03,UPI/nbj6zaxtkooa@oksbi/P2M/0man0ftd@oksbi/Flipkart
22/03/2023,504064,116.29,DR,542.74,UPI/ylrugi4qyeze@okaxis/P2M/v0kskg3h@paytm/Paytm
22/03/2023,610763,2803.69,CR,3346.43,UPI/h8ffhpacpwxu@paytm
22/03/2023,596663,776.96,DR,2569.47,UPI/zu469v9tst34@oksbi/P2M/ow6m2993@ptbyl/BigBazaar
22/03/2023,,234.27,DR,2335.2,UPI/naw8p48gmemu@axl/P2M/f8o3hvpu@ptbsi/Amazon
22/03/2023,558433,516.08,DR,1819.12,UPI/rfdesjglegsm@okhdfc/P2M/3ktwphjy@ptbyl/AxisBank
22/03/2023,,711.53,DR,1107.59,UPI/e6nzg2rza4nc@paytm/P2M/bkx2rt1k@oksbi/Edara
22/03/2023,,982.46,DR,125.13,UPI/smdg25h6jnn2@okhdfc/P2M/87l3vj44@oksbi/VENNA
20/03/2023,,95.64,DR,29.49,UPI/jx5no97n3q31@paytm/P2M/p1ddecs1@ptbsi/Paytm
20/03/2023,942380,3498.34,CR,3527.83,UPI/793g4prd50s5@paytm
20/03/2023,442880,1331.24,DR,2196.59,UPI/iedsotdtksuh@axl/P2M/y22yd6r3@paytm/Amazon
20/03/2023,,599.84,DR,1596.75,UPI/2pur16wew2oq@axl/P2M/9bchcuhc@ptbyl/Amazon
20/03/2023,638197,209.01,DR,1387.74,UPI/9c9wznd5sww2@okaxis/P2M/p2b4yw13@ptbsi/VENNA
20/03/2023,,109.77,DR,1277.97,UPI/71k1hos5k96z@oksbi/P2M/6pmcbvvy@ptbyl/VENNA
20/03/2023,596455,226.98,DR,1050.99,UPI/ba6e39gxkris@okaxis/P2M/3n6byhn2@paytm/AxisBank
19/03/2023,,218.03,DR,832.96,UPI/97p9mcq9ytml@ybl/P2M/1n8d76ny@ptbyl/Chala
19/03/2023,,488.71,DR,344.25,UPI/ekdfrc82cepi@okhdfc/P2M/xqjdyddj@oksbi/Airtel
19/03/2023,281645,4367.05,CR,4711.3,UPI/urzaawh06dou@ybl
19/03/2023,,53.17,DR,4658.13,UPI/3u8ox3xl8926@axl/P2M/m9lwvle1@paytm/BigBazaar
19/03/2023,745139,138.25,DR,4519.88,UPI/1hmt4t0c123d@oksbi/P2M/2wsp7gub@ptbyl/BigBazaar
19/03/2023,,777.27,DR,3742.61,UPI/vc6m1ojsgzx4@axl/P2M/b8g1c5ye@oksbi/Chala
19/03/2023,,1149.62,DR,2592.99,UPI/y1cirve07haj@okaxis/P2M/9z2jfxgq@ptbyl/Flipkart
19/03/2023,,545.07,DR,2047.92,UPI/xs9jv99s93z2@ybl/P2M/7ss5dmfm@paytm/VENNA
19/03/2023,,1410.32,DR,637.6,UPI/dbchac8dj5zt@paytm/P2M/zn3w0ag4@oksbi/VENNA
19/03/2023,,3056.13,CR,3693.73,UPI/2yjwdtgjfhcd@oksbi
18/03/2023,,278.67,DR,3415.06,UPI/xury3b0m6vig@oksbi/P2M/4zzoz3oi@paytm/Paytm
18/03/2023,495302,1452.72,DR,1962.34,UPI/lfi9z5esbdyc@oksbi/P2M/4uv7dnrp@paytm/Airtel
18/03/2023,,494.15,DR,1468.19,UPI/plniirryo3iw@oksbi/P2M/jibqd4q4@ptbsi/Edara
18/03/2023,591186,415.86,DR,1052.33,UPI/0gjuueu69nsb@ybl/P2M/mfveh1wt@ptbsi/Amazon
18/03/2023,,2215.4,CR,3267.73,UPI/6ww1oq222kbg@oksbi
18/03/2023,,743.31,DR,2524.42,UPI/oawd7qtwsoz9@ybl/P2M/qfmu6h5n@oksbi/Edara
18/03/2023,,696.1,DR,1828.32,UPI/rdrstipvfrqf@okhdfc/P2M/9vekr30h@oksbi/Chala
18/03/2023,621146,865.49,DR,962.83,UPI/45emq2t8i72x@axl/P2M/10sddlo1@ptbsi/AxisBank
18/03/2023,584652,104.04,DR,858.79,UPI/12523m2hcvzn@ybl/P2M/r263sjuo@paytm/Amazon
18/03/2023,341043,672.81,DR,185.98,UPI/u89gh39x9mtj@axl/P2M/9fx8hzek@paytm/VENNA
18/03/2023,,83.81,DR,102.17,UPI/xf3w9nozeyzc@okhdfc/P2M/dty063rc@paytm/Paytm
17/03/2023,559485,1081.94,CR,1184.11,UPI/sfykuaxerplm@oksbi
17/03/2023,,1082.11,DR,102.0,UPI/ytunv2ljwiui@oksbi/P2M/hf69tqbn@ptbyl/AxisBank
17/03/2023,,4551.09,CR,4653.09,UPI/dmz35scv4he9@paytm
16/03/2023,,784.41,DR,3868.68,UPI/zq2d9kr84s9z@ybl/P2M/g5gykoxx@oksbi/VENNA
16/03/2023,,870.16,DR,2998.52,UPI/2n1p5mzs2z7i@okhdfc/P2M/ozd2303y@ptbyl/BigBazaar
16/03/2023,,183.8,DR,2814.72,UPI/3fb0d53vb9iu@axl/P2M/uw270p03@ptbsi/BigBazaar
16/03/2023,182342,1499.37,DR,1315.35,UPI/bk86vsxvqida@okhdfc/P2M/mqhqjmpl@paytm/Paytm
16/03/2023,,997.49,DR,317.86,UPI/kudtifmg8qrp@paytm/P2M/fzppkev8@paytm/Paytm
16/03/2023,264801,187.86,DR,130.0,UPI/rlrswxbc0c3p@ybl/P2M/tfb5tfmv@ptbsi/Flipkart
16/03/2023,425308,3863.1,CR,3993.1,UPI/ejpg9v3bjzkj@paytm
16/03/2023,,996.46,DR,2996.64,UPI/qtoz87mutmqf@okhdfc/P2M/30ygbshb@ptbsi/Paytm
15/03/2023,,453.62,DR,2543.02,UPI/pxfsgc18y0l7@paytm/P2M/jr30ap1l@ptbyl/Amazon
15/03/2023,316155,2225.12,CR,4768.14,UPI/6u83oij7rtz0@axl
15/03/2023,,1433.65,DR,3334.49,UPI/zdeu28jnwah3@axl/P2M/iyo8icf9@paytm/Airtel
15/03/2023,,464.31,DR,2870.18,UPI/yvlygx75aerl@oksbi/P2M/b5x3usfj@ptbsi/VENNA
15/03/2023,708647,449.94,DR,2420.24,UPI/89rmyeu1bnu0@okaxis/P2M/0i8gnzg2@ptbyl/BigBazaar
15/03/2023,,1074.02,DR,1346.22,UPI/xiko6nxaogxr@paytm/P2M/8na2y5kc@paytm/Edara
15/03/2023,,581.59,DR,764.63,UPI/2naz4w6bflb9@okaxis/P2M/g90gqg5r@oksbi/AxisBank
15/03/2023,,695.15,DR,69.48,UPI/wqakmtrv4b75@paytm/P2M/a02uhbkq@paytm/Flipkart
15/03/2023,,12.2,DR,57.28,UPI/3yacqm7tvua4@paytm/P2M/1gx7vovq@oksbi/Airtel
14/03/2023,141269,3677.15,CR,3734.43,UPI/caaf1ynjyi6l@okaxis
14/03/2023,,952.98,CR,4687.41,UPI/r1aisqm775jb@oksbi
14/03/2023,,10.51,DR,4676.9,UPI/xbiw7sjlzdqv@oksbi/P2M/5ymgjs75@ptbyl/Amazon
14/03/2023,157025,677.63,DR,3999.27,UPI/4ki2ftmh1l06@okhdfc/P2M/rxm2jhol@oksbi/Flipkart
14/03/2023,615002,3165.16,CR,7164.43,UPI/gxkhind6skjx@axl
14/03/2023,,561.92,CR,7726.35,UPI/h78fskh03vq0@okhdfc
14/03/2023,204997,566.38,DR,7159.97,UPI/32qtlr4timbg@okhdfc/P2M/8kyxqfde@oksbi/VENNA
14/03/2023,371174,401.09,DR,6758.88,UPI/wqh2jet489gx@oksbi/P2M/fbo4cks4@ptbyl/BigBazaar
14/03/2023,544696,50.22,DR,6708.66,UPI/j87pst5mkxgc@okhdfc/P2M/90ixgm0n@paytm/AxisBank
14/03/2023,,1430.34,DR,5278.32,UPI/yg48h1q8ymwi@okaxis/P2M/9ijgpg4k@ptbyl/Airtel
14/03/2023,,704.46,DR,4573.86,UPI/4pn920h5wzxe@paytm/P2M/3qsf2yuu@oksbi/Edara
13/03/2023,,3216.61,CR,7790.47,UPI/i3wwlkfhldb5@axl
13/03/2023,,1404.85,DR,6385.62,UPI/yyz4hwdo4gm4@axl/P2M/exc5pusv@ptbyl/Flipkart
13/03/2023,,1450.16,DR,4935.46,UPI/mz26eoj3crlv@axl/P2M/tigxpovo@oksbi/Flipkart
13/03/2023,146691,216.32,DR,4719.14,UPI/wypwlnv0x36f@okaxis/P2M/9w2y4pma@paytm/AxisBank
13/03/2023,257893,1347.65,DR,3371.49,UPI/spnv0i09vlq5@okaxis/P2M/bgpgkfoo@paytm/Airtel
13/03/2023,,184.57,DR,3186.92,UPI/m1dha6ifxnp7@axl/P2M/8enfa0dz@ptbsi/Flipkart
13/03/2023,,488.38,DR,2698.54,UPI/qnq4qk53ldz3@axl/P2M/8vp8p4ob@paytm/Amazon
13/03/2023,,1296.67,DR,1401.87,UPI/v82ghfo3d0ph@oksbi/P2M/sbq4ao9d@ptbyl/Flipkart
13/03/2023,,59.57,DR,1342.3,UPI/pmot6x7aq3oo@okhdfc/P2M/0juynjbi@ptbsi/Airtel
13/03/2023,580605,1278.43,DR,63.87,UPI/8fwhzw8lujcm@paytm/P2M/3p9h61c6@paytm/BigBazaar
13/03/2023,,1243.83,CR,1307.7,UPI/70rs00m5azh5@okhdfc
13/03/2023,,323.37,DR,984.33,UPI/0lnicna4he8s@axl/P2M/x71d4l3w@ptbsi/Edara
13/03/2023,880833,162.05,DR,822.28,UPI/xn63asxcr8fs@okaxis/P2M/uitkb1j4@oksbi/Chala
12/03/2023,465773,615.92,DR,206.36,UPI/q753f0m71vhr@okaxis/P2M/49sjyhso@ptbyl/VENNA
12/03/2023,,71.6,DR,134.76,UPI/3en6s8sl26ak@paytm/P2M/nq0bge73@ptbsi/Chala
12/03/2023,318780,4340.31,CR,4475.07,UPI/oxvb2t11igkw@paytm
12/03/2023,,71.31,DR,4403.76,UPI/tgwwe8spdp0t@ybl/P2M/z4q47uxj@oksbi/Airtel
12/03/2023,977884,1305.28,DR,3098.48,UPI/28l3jzyhmder@oksbi/P2M/2wtp1buh@ptbyl/Chala
12/03/2023,913683,78.13,DR,3020.35,UPI/e5ehog6ojyj9@okaxis/P2M/txnrfcn2@ptbyl/Edara
12/03/2023,,1413.93,DR,1606.42,UPI/9jlwn8xhcff6@oksbi/P2M/hcz5vzo2@paytm/Paytm
12/03/2023,,548.23,DR,1058.19,UPI/a1b9alx2rfzd@ybl/P2M/stcqmmi6@ptbsi/AxisBank
12/03/2023,,600.2,DR,457.99,UPI/b25s3n6zuddt@okhdfc/P2M/qf2iuq6t@oksbi/Chala
11/03/2023,,280.33,DR,177.66,UPI/zin9144yy3sv@ybl/P2M/35pzlga2@paytm/Flipkart
11/03/2023,,3141.22,CR,3318.88,UPI/xn33fok75hps@axl
11/03/2023,,436.88,DR,2882.0,UPI/pce2ggkonbt4@oksbi/P2M/x3kpte1q@ptbyl/Paytm
11/03/2023,921678,470.62,DR,2411.38,UPI/ecnsbw2xh93m@paytm/P2M/mpahrb5v@paytm/Flipkart
11/03/2023,,1223.66,DR,1187.72,UPI/hq32o06w1qim@paytm/P2M/labd9tgy@ptbsi/Flipkart
11/03/2023,,394.71,DR,793.01,UPI/m4bctj3uxld3@okaxis/P2M/pe14vanf@paytm/VENNA
11/03/2023,875782,144.89,DR,648.12,UPI/wt8cwr6lkpmb@ybl/P2M/zr744hwe@oksbi/Amazon
11/03/2023,437305,823.97,CR,1472.09,UPI/piasswazquus@oksbi
11/03/2023,950294,860.8,DR,611.29,UPI/yuntzgml0gtl@paytm/P2M/26w6cujn@paytm/Paytm
10/03/2023,989105,4643.13,CR,5254.42,UPI/nhcvqq7ulrg2@okaxis
10/03/2023,,2075.02,CR,7329.44,UPI/y5k7c5rn0a96@paytm
10/03/2023,,778.87,DR,6550.57,UPI/eg59nvar3igp@okaxis/P2M/tig2yh0x@paytm/Flipkart
10/03/2023,,770.07,DR,5780.5,UPI/dw9ib5hdv0ee@ybl/P2M/kzsfzcsz@ptbsi/Airtel
10/03/2023,,1101.1,DR,4679.4,UPI/044oaeugn5yq@paytm/P2M/x0ibkor3@ptbsi/Edara
10/03/2023,456457,1190.51,DR,3488.89,UPI/6zvyxij02q2f@axl/P2M/rmhr5u1j@paytm/Edara
10/03/2023,693042,4702.02,CR,8190.91,UPI/bn3i01pne2lr@okaxis
10/03/2023,,3527.12,CR,11718.03,UPI/0b5k6hvce892@paytm
10/03/2023,502801,932.82,DR,10785.21,UPI/66n072ipmnuj@oksbi/P2M/xlmvlzj6@oksbi/VENNA
10/03/2023,,1027.34,DR,9757.87,UPI/yqmqit01rikc@oksbi/P2M/wmjjqmab@oksbi/Edara
10/03/2023,,509.16,DR,9248.71,UPI/5x6lb72859tp@paytm/P2M/5cs7exiv@oksbi/BigBazaar
10/03/2023,,95.55,DR,9153.16,UPI/rtzmkrxismr3@ybl/P2M/hqmdm1jm@paytm/Paytm
10/03/2023,,983.84,DR,8169.32,UPI/q4tvf8488hqm@okhdfc/P2M/en2ng3pq@paytm/BigBazaar
09/03/2023,927458,1295.14,DR,6874.18,UPI/zmi9hjqkphgf@ybl/P2M/8axaddy0@oksbi/Paytm
09/03/2023,,48.84,DR,6825.34,UPI/ang7m28p0h7g@oksbi/P2M/xrjjsx7v@ptbyl/AxisBank
09/03/2023,655362,1175.87,DR,5649.47,UPI/eafkie80tdvw@paytm/P2M/2u9pyzgo@ptbyl/Paytm
09/03/2023,317750,768.42,DR,4881.05,UPI/igyeg7kdx2pj@ybl/P2M/dfqjd3l3@ptbsi/Paytm
09/03/2023,150904,493.16,DR,4387.89,UPI/1pr7o1eexju1@okaxis/P2M/6t79xu7c@ptbyl/Airtel
09/03/2023,,575.37,DR,3812.52,UPI/idch334uktb4@okhdfc/P2M/gc4oipkr@oksbi/AxisBank
09/03/2023,,532.11,DR,3280.41,UPI/zit78gl5vjiv@axl/P2M/7rj0feyk@paytm/Amazon
09/03/2023,,1304.87,DR,1975.54,UPI/9c7v6d1t485b@okaxis/P2M/ffctxfg4@oksbi/Paytm
09/03/2023,737344,410.91,DR,1564.63,UPI/204a3nif9uy6@okaxis/P2M/dbttvi4y@paytm/VENNA
09/03/2023,,1234.09,DR,330.54,UPI/8nruqrkoe94j@okaxis/P2M/7yp6z4z6@ptbyl/Paytm
08/03/2023,,298.87,CR,629.41,UPI/rykf5q2041ub@oksbi
08/03/2023,,124.95,DR,504.46,UPI/1xpoklbcmz23@paytm/P2M/urf4829p@ptbyl/AxisBank
08/03/2023,950865,34.18,DR,470.28,UPI/zv6avexdu6fw@paytm/P2M/7jvwamyz@ptbsi/Amazon
08/03/2023,208493,383.23,DR,87.05,UPI/t3u0hq06b3e9@ybl/P2M/ofrd0vtk@ptbyl/Amazon
07/03/2023,,1195.29,CR,1282.34,UPI/748dc9klxah8@axl
07/03/2023,,707.04,CR,1989.38,UPI/o01ghubacyn2@okaxis
07/03/2023,,680.25,DR,1309.13,UPI/2y5nxyqgkomh@okaxis/P2M/v5dd7wf6@oksbi/BigBazaar
07/03/2023,,519.27,DR,789.86,UPI/dhjnpfqsck19@paytm/P2M/jkn5vkh5@ptbsi/Amazon
07/03/2023,,601.8,DR,188.06,UPI/l2c4ygdgjzkc@oksbi/P2M/47q7ujv4@ptbsi/AxisBank
05/03/2023,813094,1163.33,CR,1351.39,UPI/95dmcajldneb@oksbi
05/03/2023,167885,654.4,DR,696.99,UPI/ftn3jv2aleax@paytm/P2M/imoyl1r7@ptbsi/Flipkart
05/03/2023,,2256.67,CR,2953.66,UPI/m0xv8lusy25e@ybl
05/03/2023,,1019.53,DR,1934.13,UPI/ppx8mdn92ubv@okaxis/P2M/mqe7lxia@ptbsi/Amazon
05/03/2023,,1408.69,DR,525.44,UPI/jqagxjflh5sy@axl/P2M/9e8u8kxh@paytm/Paytm
05/03/2023,,250.03,DR,275.41,UPI/4lbl17rtoydf@okhdfc/P2M/nyipvrk3@ptbyl/VENNA
05/03/2023,,150.13,CR,425.54,UPI/lhtd5y7qg0m9@axl
05/03/2023,,134.29,DR,291.25,UPI/96h1cs8znpwo@okhdfc/P2M/skspkgf8@paytm/Airtel
05/03/2023,468753,280.42,CR,571.67,UPI/gyapoedb5409@oksbi
04/03/2023,,2185.09,CR,2756.76,UPI/3ccfsz3w764h@axl
04/03/2023,917423,447.85,DR,2308.91,UPI/civuq3ge9yyu@oksbi/P2M/yoeqdutj@oksbi/Paytm
04/03/2023,129214,801.18,DR,1507.73,UPI/m5eezcofihpo@ybl/P2M/5krppod3@ptbyl/Chala
04/03/2023,,769.73,DR,738.0,UPI/oraifzaipt7y@okaxis/P2M/ihmwimgs@paytm/VENNA
04/03/2023,362278,257.74,DR,480.26,UPI/5uyjpk0eoh7s@axl/P2M/ynrmw399@ptbsi/Airtel
04/03/2023,,408.4,DR,71.86,UPI/5c1l6t1szwws@okaxis/P2M/6n7xq8du@paytm/Airtel
03/03/2023,753849,1053.38,CR,1125.24,UPI/encwru2wm8hu@axl
03/03/2023,639158,164.14,DR,961.1,UPI/jeireqkdj7kn@okhdfc/P2M/4rvysgse@paytm/VENNA
03/03/2023,547529,2059.12,CR,3020.22,UPI/fcwfgjy9h3zv@okhdfc
03/03/2023,,2783.44,CR,5803.66,UPI/3wp9kzy9tm4i@okaxis
03/03/2023,554372,663.94,DR,5139.72,UPI/0ojvnwejk8tf@okaxis/P2M/4fs8lplg@ptbyl/Airtel
03/03/2023,,945.61,DR,4194.11,UPI/ie0uutnte24o@okaxis/P2M/1q3mil3j@oksbi/Flipkart
03/03/2023,647855,746.08,DR,3448.03,UPI/9skmicsqnta5@paytm/P2M/wb1d4xp3@ptbyl/VENNA
03/03/2023,170529,1121.12,DR,2326.91,UPI/fho4rf4rnbfo@okhdfc/P2M/bzi6nhxz@paytm/Paytm
02/03/2023,,1212.08,DR,1114.83,UPI/f1cihecsp1hn@ybl/P2M/d8blj1h6@paytm/Flipkart
02/03/2023,,399.92,DR,714.91,UPI/ojde6uuwlkcn@oksbi/P2M/acsry0jc@oksbi/Edara
02/03/2023,691858,1254.14,CR,1969.05,UPI/8v8zlma44cxz@okhdfc
02/03/2023,,102.42,DR,1866.63,UPI/s32yb193jnuw@oksbi/P2M/w00gdk7p@oksbi/Chala
02/03/2023,467641,1275.47,DR,591.16,UPI/cv1jf4udc1r3@okhdfc/P2M/wlioib50@paytm/Paytm
02/03/2023,,51.29,DR,539.87,UPI/338m5183a2aj@oksbi/P2M/2vb996pm@paytm/AxisBank
02/03/2023,310743,152.67,DR,387.2,UPI/bp5fr8ekacwn@oksbi/P2M/h18rn278@ptbyl/AxisBank
02/03/2023,666023,298.26,DR,88.94,UPI/9qfa9j7kxzmj@okhdfc/P2M/mv4uzy7g@ptbyl/Airtel
28/02/2023,,4867.96,CR,4956.9,UPI/fa460n3fdayg@okaxis
28/02/2023,550472,542.3,DR,4414.6,UPI/jq3u9p3m6jla@okhdfc/P2M/ib1m8cte@oksbi/Edara
28/02/2023,,410.29,DR,4004.31,UPI/2x3ecjxod5g1@axl/P2M/1sox6qdb@ptbsi/Amazon
28/02/2023,586784,381.53,DR,3622.78,UPI/zpouhenygmvx@axl/P2M/nrijythh@oksbi/Chala
28/02/2023,,973.05,DR,2649.73,UPI/lcssbbe92ku6@paytm/P2M/qtyctkrg@ptbsi/VENNA
28/02/2023,,2811.7,CR,5461.43,UPI/s9axp6bfxf9b@axl
28/02/2023,,152.69,DR,5308.74,UPI/d8ndyrlhktn3@okaxis/P2M/obsgunan@oksbi/Flipkart
28/02/2023,855113,4538.03,CR,9846.77,UPI/q9cmpgz5fv1j@paytm
28/02/2023,,3409.48,CR,13256.25,UPI/1a7cgszb15bx@axl
28/02/2023,626044,1467.26,DR,11788.99,UPI/envwmv05m0ld@oksbi/P2M/ju1g2lyg@oksbi/Flipkart
27/02/2023,621212,42.04,DR,11746.95,UPI/ultqncujo5b0@okaxis/P2M/ltgdsyor@paytm/AxisBank
27/02/2023,205041,603.91,DR,11143.04,UPI/guabahgu72fk@ybl/P2M/t4crgjbv@paytm/Airtel
27/02/2023,,1462.79,DR,9680.25,UPI/0jkblbv7qewt@okaxis/P2M/klzjcyks@paytm/VENNA
27/02/2023,327451,303.94,DR,9376.31,UPI/mtowew1q2pr7@axl/P2M/ygzjzelg@oksbi/AxisBank
27/02/2023,,1289.87,DR,8086.44,UPI/c47mz1h6tyzx@axl/P2M/k5dmslfw@paytm/BigBazaar
27/02/2023,,94.19,DR,7992.25,UPI/zaztcxr073re@paytm/P2M/j0k8fcam@paytm/AxisBank
27/02/2023,926803,1181.12,DR,6811.13,UPI/y36qln8y7re3@oksbi/P2M/rs8bi3n1@ptbsi/Flipkart
27/02/2023,881565,1428.3,DR,5382.83,UPI/kmlpjp2x5f9h@axl/P2M/ptq8147t@ptbsi/Amazon
27/02/2023,,599.26,CR,5982.09,UPI/rkx7175yf1xx@paytm
27/02/2023,,614.74,DR,5367.35,UPI/8b1g32pup4v9@okaxis/P2M/xu7a2tjj@ptbyl/BigBazaar
27/02/2023,294951,318.94,DR,5048.41,UPI/mcnynlt05x8v@okaxis/P2M/kqrc2dwh@paytm/VENNA
27/02/2023,,804.3,DR,4244.11,UPI/w2h2m7zduztc@okhdfc/P2M/fps8thjp@paytm/AxisBank
27/02/2023,706713,1295.56,DR,2948.55,UPI/opz0b7mwrosz@oksbi/P2M/u4u830p0@paytm/VENNA
26/02/2023,418256,178.97,DR,2769.58,UPI/s1njrvxbk81v@oksbi/P2M/j36tsqai@ptbsi/AxisBank
26/02/2023,,1407.41,DR,1362.17,UPI/8db6euup13sd@oksbi/P2M/0jdoea09@ptbsi/BigBazaar
26/02/2023,,130.67,DR,1231.5,UPI/mefe87id7vzf@okhdfc/P2M/6cgcanlj@ptbsi/Chala
26/02/2023,410634,1082.72,DR,148.78,UPI/5x9c3qsd11lw@oksbi/P2M/jtv2fqho@ptbyl/Chala
26/02/2023,420422,85.73,DR,63.05,UPI/gerg5ybhufvh@oksbi/P2M/vwzycpxz@ptbsi/AxisBank
26/02/2023,,4133.97,CR,4197.02,UPI/iokhmwsgehp1@okaxis
25/02/2023,380680,791.39,DR,3405.63,UPI/wabixoobemmh@okaxis/P2M/s04bcc21@ptbsi/Chala
25/02/2023,511757,807.57,DR,2598.06,UPI/gzr8y5p3tpgq@ybl/P2M/yhvg5ifn@ptbyl/Amazon
25/02/2023,528750,581.21,DR,2016.85,UPI/8b7fuz3hd1k2@ybl/P2M/b82o4cyj@oksbi/Amazon
25/02/2023,730125,3134.77,CR,5151.62,UPI/jim95e77kmvm@okhdfc
25/02/2023,691512,1013.87,DR,4137.75,UPI/uaqurkndy7ym@paytm/P2M/qt2ptoyr@oksbi/Chala
25/02/2023,,662.63,DR,3475.12,UPI/wfxqaaz9cb4v@okaxis/P2M/tyk89y53@ptbsi/BigBazaar
25/02/2023,,330.29,DR,3144.83,UPI/yf7806f0iill@ybl/P2M/zi96rol6@paytm/Paytm
25/02/2023,,22.06,DR,3122.77,UPI/52i8lue1vpzw@paytm/P2M/m1x1fwkk@ptbyl/Amazon
25/02/2023,,967.29,DR,2155.48,UPI/oc2io3oslghk@paytm/P2M/yq9j8kpn@oksbi/Paytm
25/02/2023,,1306.63,DR,848.85,UPI/sje8jf4v8rgr@oksbi/P2M/khzvrggv@oksbi/VENNA
25/02/2023,627307,1396.4,CR,2245.25,UPI/erlm7ex0cj7n@ybl
25/02/2023,,280.66,DR,1964.59,UPI/ejofov8et0ci@oksbi/P2M/o38ya0rh@ptbsi/Paytm
25/02/2023,,1130.53,DR,834.06,UPI/tv5w6hj6dxh9@axl/P2M/zn3z171g@ptbsi/AxisBank
24/02/2023,319690,100.44,DR,733.62,UPI/u86e7nofijfk@paytm/P2M/yel1ow9i@oksbi/Chala
24/02/2023,663708,65.11,DR,668.51,UPI/yjlny9az0716@oksbi/P2M/dvsreyvh@oksbi/AxisBank
24/02/2023,103722,4586.03,CR,5254.54,UPI/lpdilp112xus@okaxis
24/02/2023,660341,2079.79,CR,7334.33,UPI/en62orufraik@axl
24/02/2023,,252.73,DR,7081.6,UPI/x4s210j23nnw@axl/P2M/gflyfnks@ptbyl/Paytm
24/02/2023,,60.32,DR,7021.28,UPI/9t7op4emgfdz@oksbi/P2M/h2cks4ao@oksbi/AxisBank
24/02/2023,943449,1423.99,DR,5597.29,UPI/90jqqgwefium@ybl/P2M/nyrgbk6e@ptbsi/Flipkart
24/02/2023,925753,910.52,DR,4686.77,UPI/o7wu52t30xvs@okaxis/P2M/2bgh18vr@ptbyl/Amazon
24/02/2023,644679,1009.21,DR,3677.56,UPI/k39siixm4j2r@axl/P2M/p8iy56kf@oksbi/Paytm
24/02/2023,732538,90.43,DR,3587.13,UPI/eqzf6qu37qx8@okaxis/P2M/kbdac6xw@oksbi/AxisBank
24/02/2023,466050,718.46,DR,2868.67,UPI/7lt3zksfkpf7@oksbi/P2M/96ryektv@ptbyl/Chala
24/02/2023,,1110.15,DR,1758.52,UPI/iu5fabnvg32h@paytm/P2M/6h9pb75p@ptbsi/Amazon
24/02/2023,,1331.04,DR,427.48,UPI/9o4x9xfxarhk@okhdfc/P2M/9c44eeho@ptbyl/Edara
23/02/2023,792835,3335.39,CR,3762.87,UPI/a961dxy9fggw@oksbi
23/02/2023,960881,592.68,DR,3170.19,UPI/gmoab07wk5xk@paytm/P2M/xjb9pfrc@oksbi/Amazon
23/02/2023,,175.97,DR,2994.22,UPI/cd7xwqusm7ue@okaxis/P2M/dnp89ibn@ptbsi/Edara
23/02/2023,,595.0,DR,2399.22,UPI/9e8btc6u343p@oksbi/P2M/slno1lrc@ptbyl/Edara
23/02/2023,932087,3790.38,CR,6189.6,UPI/i6qgf4mq7zkq@okhdfc
23/02/2023,,1101.09,DR,5088.51,UPI/p8nlby6i4mdw@paytm/P2M/7jpx8lvq@oksbi/Chala
23/02/2023,,389.0,DR,4699.51,UPI/84cgkbbqypw4@oksbi/P2M/7gu5zff8@oksbi/Flipkart
23/02/2023,,272.42,DR,4427.09,UPI/6kjokahbf8ch@oksbi/P2M/paox3xx8@oksbi/BigBazaar
23/02/2023,608727,134.2,DR,4292.89,UPI/e3o4pf0ezl92@axl/P2M/qvepm3zj@oksbi/Paytm
23/02/2023,,1172.74,DR,3120.15,UPI/u7h0g91o9xy7@ybl/P2M/cyegv6u9@ptbyl/Paytm
23/02/2023,132791,2039.48,CR,5159.63,UPI/kvw6k3qcekis@axl
23/02/2023,,321.71,DR,4837.92,UPI/o2nlk8uti0mq@axl/P2M/ihzofk1r@paytm/AxisBank
23/02/2023,934984,497.37,DR,4340.55,UPI/xp35x9a7wrw4@axl/P2M/lb8d8ptr@paytm/Flipkart
22/02/2023,,349.58,DR,3990.97,UPI/p6ijwxulgjo9@oksbi/P2M/w2hasasu@ptbyl/BigBazaar
22/02/2023,,427.84,DR,3563.13,UPI/wxl5mlg20lfy@okaxis/P2M/h01ziibp@oksbi/Flipkart
22/02/2023,,1192.13,DR,2371.0,UPI/xmv1j51z7s2p@okhdfc/P2M/rs7qdujc@oksbi/Flipkart
22/02/2023,,891.8,DR,1479.2,UPI/bcnrqjrozdk7@paytm/P2M/xr0jnpnf@ptbsi/Airtel
22/02/2023,,591.27,DR,887.93,UPI/onj161klghhj@okhdfc/P2M/3wz8kg5v@paytm/Amazon
22/02/2023,801946,813.6,DR,74.33,UPI/qifq1rrk2m3k@ybl/P2M/yzqm1vq1@paytm/VENNA
22/02/2023,182012,2561.14,CR,2635.47,UPI/c3wabpv83pr9@okaxis
22/02/2023,139525,1471.37,DR,1164.1,UPI/o1o96xppwcei@paytm/P2M/736f5c38@ptbsi/Chala
22/02/2023,,557.62,DR,606.48,UPI/me1jv1kwlx9q@okhdfc/P2M/9pj1nmst@paytm/VENNA
21/02/2023,978324,518.76,CR,1125.24,UPI/59xaq4ryrdr6@okaxis
21/02/2023,169753,3710.65,CR,4835.89,UPI/md7k5mpn90um@okaxis
21/02/2023,,1326.32,DR,3509.57,UPI/irhugvqq07ez@axl/P2M/su3x6vg4@ptbyl/VENNA
21/02/2023,,3196.0,CR,6705.57,UPI/tit6iwi8mz43@axl
21/02/2023,,1219.82,DR,5485.75,UPI/wossf4rn5zq5@paytm/P2M/3gk4cbvj@paytm/Airtel
21/02/2023,466503,1260.08,DR,4225.67,UPI/uadosb0evgsm@ybl/P2M/ie7xpfpw@paytm/Edara
21/02/2023,,829.29,DR,3396.38,UPI/5nyyseooihoi@axl/P2M/x2l11zor@ptbsi/Airtel
21/02/2023,403353,72.51,DR,3323.87,UPI/rihi9qfky3mk@ybl/P2M/4xw9njy2@ptbsi/Chala
21/02/2023,136344,1094.54,DR,2229.33,UPI/mwbswl736yb1@okhdfc/P2M/5xyjsxhx@oksbi/Paytm
21/02/2023,394966,460.33,DR,1769.0,UPI/s0lx36db846r@ybl/P2M/kn53nviz@oksbi/Amazon
21/02/2023,,408.02,DR,1360.98,UPI/kfq8ocb3u469@ybl/P2M/gwfe2rim@paytm/Amazon
20/02/2023,806226,336.35,DR,1024.63,UPI/p6nj5ujrn1e6@oksbi/P2M/vhb9njoa@ptbyl/Flipkart
20/02/2023,,60.06,DR,964.57,UPI/qn0babcsqaou@okhdfc/P2M/bv786l0i@ptbyl/BigBazaar
20/02/2023,932525,33.38,DR,931.19,UPI/lvcwjmpu4zov@axl/P2M/mdwr7pi7@oksbi/Chala
20/02/2023,120150,137.02,DR,794.17,UPI/x5stbbubbwuv@oksbi/P2M/2ilv78ro@oksbi/Flipkart
20/02/2023,555660,2155.94,CR,2950.11,UPI/8416of688xea@paytm
20/02/2023,,965.02,DR,1985.09,UPI/q4fm5j72wb0s@paytm/P2M/zzia7b04@oksbi/Flipkart
20/02/2023,,846.96,DR,1138.13,UPI/weg13go56cz0@oksbi/P2M/xub8cmjp@oksbi/Paytm
20/02/2023,172651,412.83,DR,725.3,UPI/cg6lzw8imthy@oksbi/P2M/h1hv6fab@paytm/BigBazaar
20/02/2023,,244.67,DR,480.63,UPI/w1uwzn8mmkh2@oksbi/P2M/j6k7bpx4@ptbsi/Airtel
20/02/2023,,189.73,DR,290.9,UPI/rfks4vceq6gx@oksbi/P2M/ri24bd62@ptbyl/BigBazaar
20/02/2023,,252.93,DR,37.97,UPI/m7ug2shh59zz@paytm/P2M/4fq8eoxu@ptbyl/BigBazaar
19/02/2023,,3085.44,CR,3123.41,UPI/0xvnvfnvl3kx@okaxis
19/02/2023,,1099.66,DR,2023.75,UPI/9l3nsstdeddk@ybl/P2M/xpl94ib9@ptbyl/Amazon
19/02/2023,,591.45,DR,1432.3,UPI/pjkj9nca6ydc@ybl/P2M/yn0qg4tx@ptbsi/Edara
19/02/2023,599222,706.91,DR,725.39,UPI/wsjkogfl9d7h@paytm/P2M/nskqf1gh@ptbsi/AxisBank
19/02/2023,,563.29,DR,162.1,UPI/tk5o2lc80xbd@oksbi/P2M/21q02n2d@oksbi/Paytm
19/02/2023,,4251.96,CR,4414.06,UPI/fvtz8muf8vm0@okaxis
18/02/2023,,244.09,DR,4169.97,UPI/qen26o9dqyg4@okaxis/P2M/y525ciae@ptbyl/AxisBank
18/02/2023,149194,1015.11,DR,3154.86,UPI/cu0jf5u55cas@ybl/P2M/ox20xbqg@paytm/Airtel
18/02/2023,410757,1148.82,DR,2006.04,UPI/bh8ssy8ver6c@paytm/P2M/29ia5efg@paytm/Paytm
18/02/2023,,151.56,DR,1854.48,UPI/d3it37qwoyrs@okhdfc/P2M/y6c53ick@ptbyl/Paytm
18/02/2023,,212.67,DR,1641.81,UPI/5yokxrxs5pjf@paytm/P2M/t4j53ldl@paytm/BigBazaar
18/02/2023,,968.89,DR,672.92,UPI/4cspklmak6tc@axl/P2M/3p2z20o5@paytm/Paytm
18/02/2023,,696.18,CR,1369.1,UPI/w8erxoh6bg0x@axl
18/02/2023,,1323.62,DR,45.48,UPI/sw7ms3ofc7bs@paytm/P2M/w6blw4zo@paytm/VENNA
16/02/2023,793727,4532.68,CR,4578.16,UPI/ggu5oxorw0f9@axl
16/02/2023,,2001.62,CR,6579.78,UPI/vg31czar8at0@okaxis
16/02/2023,172638,347.07,DR,6232.71,UPI/fdhsstffwpr0@axl/P2M/dytgn537@paytm/Airtel
16/02/2023,786354,894.11,DR,5338.6,UPI/924gxgjyeqeh@oksbi/P2M/ltjzrvsa@paytm/AxisBank
16/02/2023,,1342.83,DR,3995.77,UPI/k73sniabfmqo@okaxis/P2M/xxcufehh@oksbi/Paytm
16/02/2023,488797,340.55,DR,3655.22,UPI/a2h6h6vpmnfh@ybl/P2M/ej3n5lkx@ptbyl/Flipkart
16/02/2023,,3689.33,CR,7344.55,UPI/6nl1bi7pljq1@ybl
16/02/2023,264592,3033.85,CR,10378.4,UPI/81gffrge4o5z@oksbi
16/02/2023,274339,567.33,DR,9811.07,UPI/i6kclfkgkl9o@okhdfc/P2M/u7kwl1o1@ptbsi/AxisBank
16/02/2023,650941,407.45,DR,9403.62,UPI/qy8zh8owy0xo@oksbi/P2M/kiqmmmgl@paytm/Airtel
16/02/2023,,4824.78,CR,14228.4,UPI/xj7m0o5c12js@okhdfc
16/02/2023,,1017.29,DR,13211.11,UPI/nb0kjfm606mj@okhdfc/P2M/ikl5dh0h@oksbi/Airtel
16/02/2023,,500.22,DR,12710.89,UPI/nevh3gwqt6ba@axl/P2M/lcx95pnh@ptbsi/Chala
15/02/2023,962851,671.21,DR,12039.68,UPI/qs4em91iipw3@okaxis/P2M/0mj0fm3k@oksbi/AxisBank
15/02/2023,,394.49,DR,11645.19,UPI/iuyibwxxe24k@ybl/P2M/mboensl1@ptbyl/Flipkart
15/02/2023,,164.38,DR,11480.81,UPI/5jr7dh1add23@okaxis/P2M/mtn50ews@ptbsi/Airtel
15/02/2023,,116.31,DR,11364.5,UPI/i0gb0fi4lzru@okaxis/P2M/2h1x70av@ptbsi/Paytm
15/02/2023,971581,1372.33,DR,9992.17,UPI/8wxzhrqqvi85@ybl/P2M/j5h6iz7n@paytm/Amazon
15/02/2023,,1373.06,DR,8619.11,UPI/uc6rk5zdna04@okhdfc/P2M/rjge9y0v@ptbsi/Amazon
15/02/2023,,1289.69,DR,7329.42,UPI/oqc428yuddrf@okaxis/P2M/11m309bi@paytm/Amazon
15/02/2023,499454,93.61,DR,7235.81,UPI/g8joh7z4zoua@paytm/P2M/glilqwos@ptbsi/Amazon
15/02/2023,,1211.19,DR,6024.62,UPI/8iretrjy0ruc@axl/P2M/yoex7gc7@ptbsi/AxisBank
15/02/2023,427210,229.04,DR,5795.58,UPI/mgebjkhxqrz4@paytm/P2M/m4hwfn5h@oksbi/Paytm
15/02/2023,457618,1008.79,DR,4786.79,UPI/2dbpvd9lqgg2@okhdfc/P2M/mfvudjh4@oksbi/Amazon
15/02/2023,,902.2,DR,3884.59,UPI/ch41zubhlc5v@okaxis/P2M/bedynnso@ptbsi/Amazon
15/02/2023,,560.98,DR,3323.61,UPI/e14j8ey4wf8b@axl/P2M/cl196z00@oksbi/AxisBank
14/02/2023,436483,138.22,CR,3461.83,UPI/env0tnazj33q@okaxis
14/02/2023,,1375.02,DR,2086.81,UPI/fllxdmhu6fok@okhdfc/P2M/3gedn37f@ptbyl/Amazon
14/02/2023,304024,4344.83,CR,6431.64,UPI/0a9ujrjsr7qq@oksbi
14/02/2023,309215,3532.49,CR,9964.13,UPI/gtrdmhit80rm@okaxis
14/02/2023,,902.09,DR,9062.04,UPI/k9sdi8gcgrsk@paytm/P2M/ah99vu3s@paytm/BigBazaar
14/02/2023,,1063.72,DR,7998.32,UPI/gmgmybtj0jcz@ybl/P2M/1fpxo5eb@ptbsi/Amazon
14/02/2023,,677.7,DR,7320.62,UPI/dnik0ugu7wn0@axl/P2M/d3mvpi26@ptbsi/VENNA
14/02/2023,126917,217.32,DR,7103.3,UPI/rekkp1vlqw5v@axl/P2M/4cqobb05@oksbi/AxisBank
14/02/2023,212347,260.73,DR,6842.57,UPI/bb16ojeyj5kc@oksbi/P2M/uuv8u3df@oksbi/Airtel
14/02/2023,,1354.05,DR,5488.52,UPI/r7ryg4q5lvds@paytm/P2M/soabgiku@paytm/Flipkart
14/02/2023,,743.7,DR,4744.82,UPI/tasvarsxwxyq@ybl/P2M/el5e0gzw@ptbsi/Chala
14/02/2023,,655.77,DR,4089.05,UPI/nxknvk0zrfnl@okaxis/P2M/g3sb3iib@paytm/Flipkart
14/02/2023,,627.21,DR,3461.84,UPI/lu1afvdlb7a4@paytm/P2M/vizump0u@paytm/Edara
13/02/2023,,1430.14,DR,2031.7,UPI/cecn812y03ae@oksbi/P2M/96lhsubr@ptbyl/BigBazaar
13/02/2023,,1431.68,DR,600.02,UPI/6ewl1zfdga4y@axl/P2M/2ubzsdmk@ptbsi/Chala
13/02/2023,804363,149.61,DR,450.41,UPI/fs1c714fro1a@ybl/P2M/8xkic794@oksbi/Amazon
13/02/2023,747056,164.75,DR,285.66,UPI/c56jv41x4v8t@okaxis/P2M/m1a0n9gi@paytm/BigBazaar
13/02/2023,,232.73,DR,52.93,UPI/9yev7pb0v381@paytm/P2M/bujcpsw8@paytm/Amazon
12/02/2023,,1124.25,CR,1177.18,UPI/gu8f0zei43ka@okaxis
12/02/2023,551612,470.61,DR,706.57,UPI/pbt8ctr873jp@ybl/P2M/8csx63gw@ptbyl/AxisBank
12/02/2023,,570.68,DR,135.89,UPI/l8239e37yk4u@paytm/P2M/t3h5awop@oksbi/BigBazaar
11/02/2023,,110.8,DR,25.09,UPI/dmuwp4hua1kt@oksbi/P2M/orl1bg0o@ptbsi/Amazon
11/02/2023,525654,1715.67,CR,1740.76,UPI/gw07j6y4fdxo@paytm
11/02/2023,,902.11,DR,838.65,UPI/wc9s7q6zilgu@paytm/P2M/5vt4a44z@paytm/Flipkart
11/02/2023,817090,273.81,DR,564.84,UPI/tx0n4d7u9fo7@okhdfc/P2M/j2kb8wcc@paytm/BigBazaar
11/02/2023,,98.47,DR,466.37,UPI/izbcp081g9md@ybl/P2M/1q8qb4yp@ptbyl/Paytm
11/02/2023,,85.63,DR,380.74,UPI/8x96b0y6tcp6@paytm/P2M/r2nbwjzk@paytm/Amazon
10/02/2023,492336,2539.52,CR,2920.26,UPI/hydpx3ogxz1k@ybl
10/02/2023,,762.66,DR,2157.6,UPI/3mtzn3ka35l3@oksbi/P2M/8iaurn2a@ptbsi/AxisBank
10/02/2023,866155,839.37,DR,1318.23,UPI/huz8ke4mhp0f@okaxis/P2M/42650s0p@paytm/Paytm
10/02/2023,107250,217.44,DR,1100.79,UPI/8sgyss3099ew@okaxis/P2M/h8jux9oh@ptbyl/Edara
10/02/2023,,412.96,DR,687.83,UPI/xgdxd72zp5nk@paytm/P2M/0so8uiso@ptbyl/Airtel
10/02/2023,718798,491.08,DR,196.75,UPI/bq6k5yexuik5@paytm/P2M/7ap7uwv1@paytm/Paytm
10/02/2023,,32.59,DR,164.16,UPI/voo508ol0rgj@okaxis/P2M/8cac0e41@paytm/Flipkart
10/02/2023,184677,78.06,DR,86.1,UPI/9glov8zenmc2@axl/P2M/d89pqp20@paytm/Edara
09/02/2023,,319.99,CR,406.09,UPI/j109e4laur6h@okaxis
09/02/2023,592038,109.01,DR,297.08,UPI/g3255mac9wuf@oksbi/P2M/c8oe6npt@ptbsi/BigBazaar
09/02/2023,,148.87,CR,445.95,UPI/sgc7g7xbit8i@paytm
09/02/2023,,61.8,DR,384.15,UPI/36l1sb46udi0@ybl/P2M/30o00vg1@paytm/Chala
09/02/2023,,275.92,DR,108.23,UPI/vf8qtht3douu@axl/P2M/mopsy76o@ptbyl/Amazon
07/02/2023,,1120.93,CR,1229.16,UPI/xniuuj6zui4s@axl
07/02/2023,618468,1727.22,CR,2956.38,UPI/tmc1dpqakz29@okhdfc
07/02/2023,,288.93,DR,2667.45,UPI/qqtqpp06kwhx@okaxis/P2M/qcxucxp6@ptbyl/Edara
07/02/2023,,1439.81,DR,1227.64,UPI/1fvesetz7x4v@okhdfc/P2M/6bykgu6n@paytm/VENNA
06/02/2023,,331.41,DR,896.23,UPI/ht02uu0v3jmi@okaxis/P2M/74h86jr7@ptbyl/Airtel
06/02/2023,,651.89,DR,244.34,UPI/vbxfpaf82tz5@okhdfc/P2M/1i3swqau@paytm/Amazon
06/02/2023,,4122.4,CR,4366.74,UPI/7srldsptnx1i@okhdfc
06/02/2023,,1306.34,DR,3060.4,UPI/02sot6z1ujiq@okhdfc/P2M/ljojydnr@oksbi/Paytm
06/02/2023,,890.19,DR,2170.21,UPI/u1wm9sxncyiq@axl/P2M/3coa6p2o@ptbyl/Paytm
06/02/2023,,596.87,DR,1573.34,UPI/zbtj09tulgpj@oksbi/P2M/4k5im37d@paytm/Chala
05/02/2023,,151.19,DR,1422.15,UPI/k73gcds0sh74@oksbi/P2M/wbzj7ax6@oksbi/Airtel
05/02/2023,991385,379.74,DR,1042.41,UPI/1dnxrwoxl7kw@paytm/P2M/q289d7em@paytm/Amazon
05/02/2023,,104.73,DR,937.68,UPI/0a290nhid72y@okhdfc/P2M/yg7n8lwo@ptbsi/VENNA
05/02/2023,570615,229.53,DR,708.15,UPI/1bblvir3d46b@ybl/P2M/tzlm244b@oksbi/Amazon
05/02/2023,,507.89,DR,200.26,UPI/yihreq9ku9jr@paytm/P2M/46e2jyj2@ptbsi/Airtel
05/02/2023,552292,3384.06,CR,3584.32,UPI/4zrsajyy8tlj@axl
05/02/2023,,1102.67,CR,4686.99,UPI/mw2dy6vwvoio@paytm
04/02/2023,716337,2359.6,CR,7046.59,UPI/0nwfyhodidrv@okhdfc
04/02/2023,,1460.91,DR,5585.68,UPI/capfq795eto9@axl/P2M/a7a4c2oh@oksbi/Airtel
04/02/2023,715825,1098.06,CR,6683.74,UPI/lh1jl2tvwyxl@paytm
04/02/2023,,143.85,DR,6539.89,UPI/jvcgqvyhlyfg@paytm/P2M/dy10amfd@paytm/VENNA
04/02/2023,,612.73,DR,5927.16,UPI/423cpeosmlld@okaxis/P2M/5paoe7l8@oksbi/Edara
04/02/2023,474862,709.18,DR,5217.98,UPI/k3ic7o2wcjo9@oksbi/P2M/q4wnq19v@ptbyl/Flipkart
04/02/2023,588358,1108.91,DR,4109.07,UPI/mo5m6qcvd3sc@ybl/P2M/4ovncod7@paytm/BigBazaar
04/02/2023,244945,795.02,DR,3314.05,UPI/u8lzu4zqlqv0@axl/P2M/abvye96l@ptbsi/Chala
04/02/2023,,253.65,DR,3060.4,UPI/hfykyp8y6pvu@ybl/P2M/4i8qfox6@ptbyl/Flipkart
04/02/2023,122487,1257.24,DR,1803.16,UPI/r2zh6ba6k0i5@oksbi/P2M/cdz1k4xd@ptbsi/Amazon
04/02/2023,,574.07,DR,1229.09,UPI/tkx650tu6p0g@paytm/P2M/z81yqoin@ptbsi/Edara
04/02/2023,,393.43,DR,835.66,UPI/9cudn55xpr58@okaxis/P2M/cgv7wun5@oksbi/Amazon
03/02/2023,,734.58,DR,101.08,UPI/q1mczyt7i811@ybl/P2M/9zsm99kz@ptbsi/Paytm
03/02/2023,569646,2866.32,CR,2967.4,UPI/1mbxg993l16a@okhdfc
03/02/2023,,1427.15,DR,1540.25,UPI/ujlrjpbfc5qt@ybl/P2M/gk2m0pqi@ptbsi/Chala
03/02/2023,180143,253.36,DR,1286.89,UPI/2oquvtdd4g4x@ybl/P2M/dlfz14vx@ptbyl/BigBazaar
03/02/2023,,79.45,DR,1207.44,UPI/4n2hziwo8nd4@okaxis/P2M/d3srjswz@paytm/Amazon
03/02/2023,286761,4902.4,CR,6109.84,UPI/0izu3x4te187@oksbi
03/02/2023,,65.8,DR,6044.04,UPI/ivrkxmtsm3w8@okaxis/P2M/yqnnuoxy@oksbi/AxisBank
02/02/2023,726126,511.16,DR,5532.88,UPI/hows7vfxxcse@okhdfc/P2M/jyfjt83p@oksbi/Chala
02/02/2023,,1425.45,DR,4107.43,UPI/rd80a6rivvqh@ybl/P2M/28nwkw0l@paytm/Flipkart
02/02/2023,495162,823.46,DR,3283.97,UPI/z11bp9ggb9eg@okaxis/P2M/dz5cxxzg@ptbyl/AxisBank
02/02/2023,356546,1303.94,DR,1980.03,UPI/vmzk8xkmvhv6@okaxis/P2M/9kpib3q3@paytm/Flipkart
02/02/2023,776759,1274.32,CR,3254.35,UPI/4km29yvt1jdk@ybl
02/02/2023,,663.65,DR,2590.7,UPI/dz31x5zxh3pf@okhdfc/P2M/m2yw9kxa@ptbsi/Flipkart
02/02/2023,,887.39,DR,1703.31,UPI/wyvq5nuj2u9x@okhdfc/P2M/ufoh8vyb@ptbsi/Flipkart
02/02/2023,348951,1892.42,CR,3595.73,UPI/e3iq9dmmx0m5@axl
02/02/2023,262592,137.41,DR,3458.32,UPI/exbe3a3o76je@okaxis/P2M/yn04ekpc@paytm/VENNA
02/02/2023,,807.95,DR,2650.37,UPI/w1v5ehso1nm2@paytm/P2M/c1m5xw9f@oksbi/Airtel
02/02/2023,,1366.58,DR,1283.79,UPI/cc6s8mpq2eht@okaxis/P2M/y58qzuuv@oksbi/Chala
02/02/2023,241963,1209.54,CR,2493.33,UPI/2mu0z667ihvr@ybl
01/02/2023,763715,1474.57,DR,1018.76,UPI/2l42bmvrm411@okhdfc/P2M/j296tc4f@ptbsi/Paytm
01/02/2023,,377.01,DR,641.75,UPI/e6wazn82rynl@oksbi/P2M/ihjk41nd@oksbi/AxisBank
01/02/2023,,168.49,DR,473.26,UPI/oscl3xg5mfn1@axl/P2M/0nm0nrb2@ptbsi/BigBazaar
01/02/2023,726505,354.31,DR,118.95,UPI/hx604bqf7qc7@okaxis/P2M/7jgw7p9p@ptbsi/Paytm
01/02/2023,,1385.71,CR,1504.66,UPI/fi6oyd5iqi9f@okaxis
01/02/2023,146476,620.38,CR,2125.04,UPI/mhho73d99jtk@okhdfc
01/02/2023,,1165.19,DR,959.85,UPI/24uhx7mxvwr5@ybl/P2M/ity4v1kk@ptbsi/AxisBank
01/02/2023,110683,57.73,DR,902.12,UPI/d8gfr7ufs63t@oksbi/P2M/py19uv7f@paytm/Edara
01/02/2023,284711,599.33,DR,302.79,UPI/l6cu3r8icoet@okhdfc/P2M/xx628lpk@ptbyl/Airtel
