Date,Instrument ID,Amount,Type,Balance,Remarks
30/11/2023,,77.66,DR,1098.73,UPI/2o2of5ijt8q4@okhdfc/P2M/vqwy9o0z@paytm/Airtel
30/11/2023,233129,487.37,DR,611.36,UPI/r05xl6q0dr22@okaxis/P2M/0ps8ujz7@oksbi/VENNA
30/11/2023,,51.71,DR,559.65,UPI/v25aymxkydmf@paytm/P2M/im5wion6@ptbsi/Edara
30/11/2023,,50.35,DR,509.3,UPI/5o4vly6rg660@ybl/P2M/c6fjqq8p@ptbyl/Flipkart
30/11/2023,727039,2710.71,CR,3220.01,UPI/b1n4tl45umly@ybl
30/11/2023,,223.8,DR,2996.21,UPI/23i7ml2ko4n6@okaxis/P2M/3lbeagal@oksbi/Edara
30/11/2023,,673.3,DR,2322.91,UPI/fty94cb10883@okaxis/P2M/1pi5fmwz@ptbsi/Paytm
30/11/2023,,664.83,DR,1658.08,UPI/uoe1c9nlza7a@axl/P2M/rkn5ahfc@paytm/Edara
30/11/2023,,1148.33,DR,509.75,UPI/ipl1lkfjokh6@oksbi/P2M/r7b21z0h@ptbsi/Chala
30/11/2023,804430,445.79,DR,63.96,UPI/xic5xo3bq9zn@okhdfc/P2M/mir6170v@ptbyl/Chala
29/11/2023,,2535.83,CR,2599.79,UPI/ajlmumya3mk6@paytm
29/11/2023,247297,1341.47,DR,1258.32,UPI/gbbjm594ht23@ybl/P2M/z6z8i2ix@ptbyl/Amazon
29/11/2023,,386.93,DR,871.39,UPI/o8ylwnxk4s4a@okaxis/P2M/63y7v969@ptbsi/Edara
29/11/2023,,240.12,DR,631.27,UPI/ruefxlevl5t4@okhdfc/P2M/l1nungek@ptbsi/Amazon
29/11/2023,,407.6,DR,223.67,UPI/hls9mw3n4skq@ybl/P2M/8x75se2f@paytm/Flipkart
29/11/2023,,1079.79,CR,1303.46,UPI/07ehoxk863ao@axl
28/11/2023,,484.19,DR,819.27,UPI/uloh610bdlt2@okhdfc/P2M/dwqqcn5r@paytm/AxisBank
28/11/2023,568505,445.73,CR,1265.0,UPI/dh5v7gly3cvr@okhdfc
28/11/2023,,1175.43,DR,89.57,UPI/wo6gril3i54j@axl/P2M/28bddl5l@paytm/Edara
28/11/2023,594646,700.59,CR,790.16,UPI/hp3ndf0xtyrm@okaxis
28/11/2023,347942,680.47,DR,109.69,UPI/q5b3g2wxgrdr@oksbi/P2M/0tzp513e@ptbyl/Amazon
28/11/2023,715923,2809.85,CR,2919.54,UPI/ex63prw3a881@oksbi
28/11/2023,812816,1176.59,DR,1742.95,UPI/rvk9kta8e1yu@ybl/P2M/zctt2xth@ptbyl/VENNA
28/11/2023,,287.22,DR,1455.73,UPI/wm83afhmy4d5@okhdfc/P2M/23mktx2i@ptbyl/Chala
28/11/2023,,268.79,DR,1186.94,UPI/m2bh38phm1ef@oksbi/P2M/ik4w8unh@oksbi/BigBazaar
27/11/2023,173174,227.89,DR,959.05,UPI/ck80l7fl1y8l@axl/P2M/yahez4so@ptbsi/VENNA
27/11/2023,430089,52.98,DR,906.07,UPI/xfx92igktzme@oksbi/P2M/0qquw6k9@ptbsi/Edara
27/11/2023,756527,227.67,DR,678.4,UPI/g41igtah9rih@ybl/P2M/e5i5kl52@ptbyl/AxisBank
27/11/2023,,52.22,DR,626.18,UPI/k8tay8xonvcq@paytm/P2M/61rc33zt@paytm/Amazon
27/11/2023,474307,569.75,DR,56.43,UPI/syln55ethy5f@ybl/P2M/rbx5t4cd@ptbyl/Airtel
27/11/2023,,4510.32,CR,4566.75,UPI/8297qphl2og3@okhdfc
27/11/2023,997685,1415.79,DR,3150.96,UPI/lk3mvfaze5m5@okaxis/P2M/kmjjjsf4@paytm/Flipkart
27/11/2023,967961,941.64,DR,2209.32,UPI/oiptzutj14wy@paytm/P2M/03348zfh@ptbyl/Flipkart
27/11/2023,,1439.08,DR,770.24,UPI/ouv6p7l7ogkq@okhdfc/P2M/kldtie2k@oksbi/BigBazaar
27/11/2023,,305.07,DR,465.17,UPI/dprgq2k02v5k@oksbi/P2M/yi741wtt@oksbi/Chala
26/11/2023,257081,382.99,DR,82.18,UPI/mi8s9cu9da3l@okaxis/P2M/u71olqvc@ptbsi/Paytm
26/11/2023,522874,2413.41,CR,2495.59,UPI/3kb81plixxwg@ybl
26/11/2023,442080,577.39,DR,1918.2,UPI/7kdtjk40r24m@oksbi/P2M/4l2nel34@oksbi/AxisBank
26/11/2023,,1248.56,DR,669.64,UPI/fiyayasqvr79@paytm/P2M/88f5925q@ptbsi/Chala
26/11/2023,500608,309.48,DR,360.16,UPI/yy7zgwtb4kjw@okhdfc/P2M/o3bqipjj@ptbyl/Amazon
26/11/2023,,4054.08,CR,4414.24,UPI/eo7h89l5yn3o@paytm
26/11/2023,,550.74,DR,3863.5,UPI/u3lz5i67um9m@paytm/P2M/ybty9qfm@paytm/BigBazaar
26/11/2023,199293,1120.73,DR,2742.77,UPI/70vz90b09vgt@axl/P2M/wqzn6608@ptbyl/Edara
26/11/2023,,1109.06,DR,1633.71,UPI/p3ndllibb9lu@ybl/P2M/e4prd2a8@oksbi/Amazon
26/11/2023,108638,1463.29,DR,170.42,UPI/6tvkne1grge5@oksbi/P2M/hmwbvaf5@paytm/Chala
25/11/2023,734740,112.33,DR,58.09,UPI/7b6fj9xsh32i@okhdfc/P2M/8kcadvss@paytm/Edara
24/11/2023,872826,558.81,CR,616.9,UPI/tzdq9sz1lhre@paytm
24/11/2023,197493,522.13,DR,94.77,UPI/kyxkaq4cw2uc@oksbi/P2M/ahh4a559@ptbyl/AxisBank
24/11/2023,,1894.5,CR,1989.27,UPI/qhap0grvj4yq@okaxis
23/11/2023,775462,1320.58,DR,668.69,UPI/700m1ofn47ed@okaxis/P2M/6ymh9cry@oksbi/Airtel
23/11/2023,,175.16,DR,493.53,UPI/39lxbjtjm5o3@paytm/P2M/yhj55b70@ptbsi/BigBazaar
23/11/2023,,206.63,DR,286.9,UPI/3rlk15owky5q@paytm/P2M/riw7m8nx@ptbyl/AxisBank
23/11/2023,636216,3214.54,CR,3501.44,UPI/0q8g1trloncv@okaxis
23/11/2023,541046,400.85,DR,3100.59,UPI/3t2e9dav49kp@axl/P2M/wwfd6iwp@ptbsi/VENNA
23/11/2023,,1280.58,DR,1820.01,UPI/78fjtcw77t0z@axl/P2M/ltamn8p6@ptbyl/Edara
23/11/2023,,606.83,DR,1213.18,UPI/jzcv2p7h0l36@oksbi/P2M/upd3mg44@paytm/Paytm
23/11/2023,,371.86,DR,841.32,UPI/dx7eryeowywg@axl/P2M/flpgassa@ptbyl/Chala
23/11/2023,197887,3011.31,CR,3852.63,UPI/sltk2yx03uyb@ybl
23/11/2023,972028,1191.12,DR,2661.51,UPI/8c54oeg44o82@oksbi/P2M/zxx8a4nw@paytm/Paytm
22/11/2023,,598.04,DR,2063.47,UPI/6j5xq2y0flwd@okaxis/P2M/wtxlotx2@paytm/Flipkart
22/11/2023,,886.47,DR,1177.0,UPI/xcccvytth0w4@okhdfc/P2M/snpqk18g@oksbi/BigBazaar
22/11/2023,,737.47,DR,439.53,UPI/zlz1s4v8gt1e@ybl/P2M/g5x3v79l@ptbsi/Paytm
22/11/2023,,255.35,DR,184.18,UPI/se78445ntwxj@axl/P2M/jmzfa783@ptbsi/Edara
22/11/2023,,3552.5,CR,3736.68,UPI/dazltf2jd5fp@axl
22/11/2023,777779,617.65,DR,3119.03,UPI/mjvlkmymwgsq@okaxis/P2M/nz0m5qyl@oksbi/AxisBank
22/11/2023,,1188.5,DR,1930.53,UPI/f9hzwj265tjq@okaxis/P2M/0pa939zt@ptbyl/Chala
22/11/2023,212325,526.54,DR,1403.99,UPI/4jvsfvhzizld@okhdfc/P2M/1bcofb7p@oksbi/Flipkart
22/11/2023,606200,4198.78,CR,5602.77,UPI/b95kudw4514o@ybl
22/11/2023,191918,880.78,DR,4721.99,UPI/hco78hilat1s@oksbi/P2M/rh64sg2l@oksbi/Flipkart
22/11/2023,936271,635.6,DR,4086.39,UPI/almm56xz2do4@oksbi/P2M/djd6nlxz@ptbsi/Amazon
22/11/2023,824291,266.82,DR,3819.57,UPI/iav4upr1be7v@paytm/P2M/3bi31c6m@ptbsi/BigBazaar
21/11/2023,,819.98,DR,2999.59,UPI/ni9e4uoiqlzp@oksbi/P2M/mrl5vygs@ptbyl/VENNA
21/11/2023,,4116.58,CR,7116.17,UPI/1ynp5jlp2i66@ybl
21/11/2023,,821.42,DR,6294.75,UPI/13yvz6a9nhnh@paytm/P2M/otgmeqcf@ptbsi/AxisBank
21/11/2023,410254,1260.47,DR,5034.28,UPI/jcs9l5qqww4o@ybl/P2M/fe42txrx@ptbyl/Airtel
21/11/2023,,238.37,DR,4795.91,UPI/3qclmbmhf12q@ybl/P2M/5e507988@oksbi/VENNA
21/11/2023,445606,115.63,DR,4680.28,UPI/9taexfs7vdhv@okhdfc/P2M/sar4youw@ptbsi/Paytm
21/11/2023,,242.99,DR,4437.29,UPI/5oiqi0rwn9es@axl/P2M/0kv63ah5@ptbsi/Paytm
21/11/2023,,75.53,DR,4361.76,UPI/ks20mclxxdht@oksbi/P2M/gen40wq0@paytm/Airtel
21/11/2023,,1139.08,DR,3222.68,UPI/v7328exdq2u6@oksbi/P2M/7asmdfw7@oksbi/Edara
21/11/2023,,2724.36,CR,5947.04,UPI/f4dtsin19fvz@paytm
21/11/2023,,463.07,DR,5483.97,UPI/q14pa6h0vrml@okaxis/P2M/3w3omm8s@paytm/Chala
21/11/2023,,1231.77,DR,4252.2,UPI/2dfhs46e0qku@paytm/P2M/0eiuyb73@oksbi/Amazon
21/11/2023,651446,285.7,DR,3966.5,UPI/lsrx6owsq7s0@ybl/P2M/gi70vo0v@ptbyl/Flipkart
20/11/2023,449215,917.64,DR,3048.86,UPI/bu5iyxbbz0or@oksbi/P2M/m03jc6vi@ptbsi/VENNA
20/11/2023,855203,988.32,DR,2060.54,UPI/z6vcjs51i8ek@okaxis/P2M/qivhwcr8@ptbyl/Flipkart
20/11/2023,,551.76,DR,1508.78,UPI/iqb9grfyhsae@oksbi/P2M/ud5k4t5h@oksbi/Amazon
20/11/2023,,431.11,DR,1077.67,UPI/4l3bpgk2vcfc@okhdfc/P2M/pm7e4hu3@ptbyl/Flipkart
20/11/2023,360628,1240.93,CR,2318.6,UPI/d99xy7t5swfp@paytm
20/11/2023,,299.31,DR,2019.29,UPI/thavm85zxc9n@ybl/P2M/4ik1rudn@ptbyl/AxisBank
20/11/2023,,713.87,DR,1305.42,UPI/msl4y89p8x9z@oksbi/P2M/2w8o3fns@oksbi/Flipkart
20/11/2023,553343,282.52,DR,1022.9,UPI/wk27oq5gq78n@axl/P2M/55y2stf4@ptbyl/Airtel
20/11/2023,880383,66.16,DR,956.74,UPI/afgy0h0hzw5o@ybl/P2M/sf9896bq@ptbyl/Flipkart
20/11/2023,538505,294.03,DR,662.71,UPI/32irvfqk7sru@oksbi/P2M/bie9hyp3@oksbi/VENNA
20/11/2023,761924,486.22,DR,176.49,UPI/3sb6ubrz0wn3@oksbi/P2M/fqilu57o@ptbsi/Chala
19/11/2023,,2481.8,CR,2658.29,UPI/gtjhggg0ut0n@okhdfc
19/11/2023,756524,166.63,DR,2491.66,UPI/1u01zu8eyg92@okhdfc/P2M/50dlw0o9@ptbsi/Paytm
19/11/2023,,936.7,CR,3428.36,UPI/vptj98p6xbla@paytm
19/11/2023,,595.21,DR,2833.15,UPI/v3ph7bre76us@axl/P2M/c7qlab1e@ptbyl/Paytm
19/11/2023,,412.31,DR,2420.84,UPI/f3sltrywi6je@axl/P2M/yrhfa87d@oksbi/Chala
19/11/2023,,734.45,DR,1686.39,UPI/9s8rlubx016c@okhdfc/P2M/x4qm9ann@ptbyl/Flipkart
19/11/2023,662650,513.35,DR,1173.04,UPI/ltt94pl59pag@axl/P2M/bh5o0cl9@ptbyl/BigBazaar
19/11/2023,,1020.11,DR,152.93,UPI/alxsexqsqy5t@okaxis/P2M/jkhuykly@paytm/AxisBank
19/11/2023,,76.87,DR,76.06,UPI/d7cl4q91au08@ybl/P2M/mxgahd91@ptbyl/VENNA
18/11/2023,172074,3970.97,CR,4047.03,UPI/e8o9wgoa6hm3@oksbi
18/11/2023,,798.16,DR,3248.87,UPI/d8jzrt3bzv1v@okaxis/P2M/f4mfj1t2@paytm/Airtel
18/11/2023,,700.9,DR,2547.97,UPI/3odrt0l1wtmm@okaxis/P2M/ytsgcay0@ptbsi/AxisBank
18/11/2023,,1248.49,DR,1299.48,UPI/fj3838mp9usp@okhdfc/P2M/kf8hibrr@ptbsi/Chala
18/11/2023,,722.86,DR,576.62,UPI/xh2ryo6hhxl5@okhdfc/P2M/c6z38ca9@ptbsi/Airtel
18/11/2023,,423.09,DR,153.53,UPI/cwogz58yx9tc@ybl/P2M/3cyqelr0@paytm/Edara
18/11/2023,786294,3858.33,CR,4011.86,UPI/rsnojjnfmfhh@okhdfc
18/11/2023,300406,359.09,DR,3652.77,UPI/ti7zdgyeecfu@okaxis/P2M/lfzws62k@ptbyl/Chala
18/11/2023,,44.67,DR,3608.1,UPI/a0ogulijz6t1@paytm/P2M/58r61hit@paytm/Paytm
18/11/2023,306907,654.57,DR,2953.53,UPI/kfzkgqq27uqd@paytm/P2M/jbzpmvxi@ptbyl/VENNA
18/11/2023,,4445.04,CR,7398.57,UPI/g614zrmzlsqe@paytm
18/11/2023,200331,286.94,DR,7111.63,UPI/b2mac301jmcx@axl/P2M/omneayew@ptbyl/Chala
17/11/2023,,970.81,DR,6140.82,UPI/m33960e8k7cf@ybl/P2M/ber6fgnf@oksbi/Amazon
17/11/2023,681606,1345.39,DR,4795.43,UPI/qj2vsuo8boku@okhdfc/P2M/b619pool@oksbi/AxisBank
17/11/2023,,742.48,DR,4052.95,UPI/s8wpykrrcrgv@axl/P2M/z9cp43n9@paytm/Airtel
17/11/2023,,706.12,DR,3346.83,UPI/wgzyh3dayskd@okhdfc/P2M/zy56leh9@oksbi/AxisBank
17/11/2023,450927,1175.48,DR,2171.35,UPI/dtvd3suie9ka@axl/P2M/1nlk6zse@ptbyl/Edara
17/11/2023,314554,242.22,DR,1929.13,UPI/y2h60zjahdvs@okhdfc/P2M/yxuejb60@ptbsi/AxisBank
17/11/2023,953585,876.56,DR,1052.57,UPI/k3qwnmgtrqcb@axl/P2M/uerwgnwf@ptbyl/Edara
17/11/2023,,1007.91,DR,44.66,UPI/svbafizie9iv@okaxis/P2M/osl8t2e2@paytm/Airtel
17/11/2023,802021,1207.17,CR,1251.83,UPI/e5uwoql3q2fp@oksbi
17/11/2023,740567,997.82,DR,254.01,UPI/xcc0grpgtl3x@paytm/P2M/h8cava2l@oksbi/Flipkart
16/11/2023,862939,2976.12,CR,3230.13,UPI/782tky28akfg@oksbi
16/11/2023,,65.94,DR,3164.19,UPI/fx4im7c2alje@axl/P2M/h30jrwcf@ptbsi/Flipkart
16/11/2023,,193.4,DR,2970.79,UPI/ukupy8je3zav@okaxis/P2M/ehvz6fnn@ptbsi/Amazon
16/11/2023,,1215.08,DR,1755.71,UPI/71oztlp7yj6w@oksbi/P2M/bgvphk4c@paytm/VENNA
16/11/2023,,2400.24,CR,4155.95,UPI/q83sbtarp5ws@okaxis
16/11/2023,,1461.82,DR,2694.13,UPI/mpaxq4g0tixm@okhdfc/P2M/xzspjiwa@ptbyl/Flipkart
16/11/2023,629054,310.14,DR,2383.99,UPI/rgs57423uy1r@oksbi/P2M/03glq6el@paytm/AxisBank
16/11/2023,,833.65,DR,1550.34,UPI/j68u7jmieygk@paytm/P2M/t87orf5x@oksbi/Airtel
16/11/2023,,952.76,DR,597.58,UPI/ek3z0kypjwix@okhdfc/P2M/4k2yg14c@paytm/BigBazaar
16/11/2023,825017,118.96,DR,478.62,UPI/mkm6u6w0byvj@okaxis/P2M/ftcna6bf@paytm/AxisBank
15/11/2023,297669,952.0,CR,1430.62,UPI/nkdlrzm5xek3@axl
15/11/2023,,1251.14,DR,179.48,UPI/tatd9rz4hf6m@okhdfc/P2M/4ib3lvmb@ptbyl/Chala
15/11/2023,,83.11,DR,96.37,UPI/r3pf2azx56ps@axl/P2M/ahmeeiu5@paytm/Chala
15/11/2023,,2329.55,CR,2425.92,UPI/nc29lmrqs463@okaxis
15/11/2023,,193.77,DR,2232.15,UPI/yprauqq9u570@axl/P2M/71fudk2l@oksbi/Flipkart
15/11/2023,,558.08,DR,1674.07,UPI/jxlwhk7xnz99@oksbi/P2M/i7xxerkr@paytm/Paytm
15/11/2023,,289.58,DR,1384.49,UPI/t4cokagwkdds@axl/P2M/1d6ch2x8@paytm/Amazon
15/11/2023,,2641.19,CR,4025.68,UPI/n3kfizu8fs4d@okhdfc
15/11/2023,,1358.07,DR,2667.61,UPI/i429qi11fntj@okhdfc/P2M/a22umvkr@ptbyl/VENNA
15/11/2023,,68.78,DR,2598.83,UPI/mo434cngtmfd@oksbi/P2M/lj9sb1e8@oksbi/VENNA
15/11/2023,,223.52,DR,2375.31,UPI/2455euj9czil@okaxis/P2M/qbjuulco@oksbi/Edara
14/11/2023,173474,4730.27,CR,7105.58,UPI/s9uaj9lsbpaz@ybl
14/11/2023,232015,1169.95,DR,5935.63,UPI/w2lphastl7ue@ybl/P2M/dx69jhwu@ptbsi/Flipkart
14/11/2023,,1334.75,DR,4600.88,UPI/o9an2480x18o@oksbi/P2M/fapcp8fd@ptbsi/Paytm
14/11/2023,,792.36,DR,3808.52,UPI/hrd9v4a2dtqx@paytm/P2M/i2v0kr5v@oksbi/AxisBank
14/11/2023,,147.94,DR,3660.58,UPI/1263oysf95bl@ybl/P2M/sff1pa17@ptbyl/Amazon
14/11/2023,442443,377.82,DR,3282.76,UPI/i07fv2xtkhcw@axl/P2M/vvoqqi5l@ptbsi/AxisBank
14/11/2023,,1218.37,DR,2064.39,UPI/rhpnmndbhqtk@axl/P2M/5en4yweo@ptbyl/Paytm
14/11/2023,,4899.88,CR,6964.27,UPI/5vvprnxxui8r@oksbi
14/11/2023,480331,4365.39,CR,11329.66,UPI/sufbaq1ligus@okhdfc
14/11/2023,951471,1039.97,DR,10289.69,UPI/nrc8wm66u0zj@paytm/P2M/cgoa5t56@paytm/VENNA
14/11/2023,134566,1167.87,DR,9121.82,UPI/gy9k4svxbfn1@okaxis/P2M/uw3fdb5p@oksbi/Paytm
14/11/2023,,571.76,DR,8550.06,UPI/m8ocdq5t6nzu@okhdfc/P2M/60jr7wiq@oksbi/Airtel
14/11/2023,526235,1472.86,DR,7077.2,UPI/ss90axz4mlve@paytm/P2M/hy4vnluo@oksbi/VENNA
13/11/2023,,1297.69,DR,5779.51,UPI/7m2mi605gafk@ybl/P2M/4op92bn8@oksbi/Flipkart
13/11/2023,302937,1398.97,DR,4380.54,UPI/kv4endel5xkp@oksbi/P2M/ooj1gqe4@oksbi/Flipkart
13/11/2023,,1401.38,DR,2979.16,UPI/mv08vdr26jff@oksbi/P2M/53nderku@oksbi/Amazon
13/11/2023,468965,984.53,DR,1994.63,UPI/0ayqufwetcr5@okhdfc/P2M/wg0uksfu@ptbsi/Paytm
13/11/2023,954333,1129.51,DR,865.12,UPI/c5v8fdo00c3k@okhdfc/P2M/v8ud2bg5@oksbi/Paytm
13/11/2023,,715.05,DR,150.07,UPI/s1yxufqq42e1@axl/P2M/ouy373f1@paytm/Chala
13/11/2023,824626,148.11,DR,1.96,UPI/3ned3y9nbnjl@oksbi/P2M/umcw7pzn@paytm/Flipkart
12/11/2023,560082,3411.09,CR,3413.05,UPI/xz2c3fg7ovyn@oksbi
12/11/2023,742702,372.87,DR,3040.18,UPI/sj6hzb69bbw6@paytm/P2M/8m70kvwi@ptbsi/Amazon
12/11/2023,184229,211.56,DR,2828.62,UPI/tufnzmcfi3re@okhdfc/P2M/8zblz4sh@paytm/Chala
12/11/2023,582734,1396.19,DR,1432.43,UPI/5o2bmwfy7fac@oksbi/P2M/86nkeysw@paytm/Flipkart
12/11/2023,447098,871.72,DR,560.71,UPI/6n0ttf09exns@okhdfc/P2M/qh3wsb85@ptbyl/Airtel
12/11/2023,,549.47,DR,11.24,UPI/flx645y51hcf@paytm/P2M/bwahejat@ptbsi/AxisBank
11/11/2023,,2439.63,CR,2450.87,UPI/59rlt024nm4h@paytm
11/11/2023,,262.56,CR,2713.43,UPI/67ly4ilfcnh0@oksbi
11/11/2023,213327,1110.3,DR,1603.13,UPI/q32q0qjv88wi@paytm/P2M/grn3q6l7@ptbyl/AxisBank
11/11/2023,,79.88,DR,1523.25,UPI/lddjw1ain587@okaxis/P2M/bs42cn5q@ptbyl/Airtel
11/11/2023,,516.16,DR,1007.09,UPI/natq1p2pyfou@paytm/P2M/m1cf58gx@oksbi/Amazon
11/11/2023,,266.4,DR,740.69,UPI/b2qtcr4f7g8g@axl/P2M/6gy0zp76@oksbi/Paytm
11/11/2023,212212,4587.28,CR,5327.97,UPI/3y44u0j4ltcr@okhdfc
11/11/2023,199666,3773.79,CR,9101.76,UPI/qt01deqiiymk@okaxis
11/11/2023,,741.27,DR,8360.49,UPI/o2skm12ljzu3@okhdfc/P2M/m43klrt9@paytm/VENNA
11/11/2023,366997,1466.56,DR,6893.93,UPI/352e9mt7kklx@okhdfc/P2M/3y2q52x2@paytm/Airtel
10/11/2023,804935,258.25,DR,6635.68,UPI/po9n1aewp2y5@ybl/P2M/junuaega@oksbi/VENNA
10/11/2023,302358,4770.34,CR,11406.02,UPI/fr0dedy2nah0@paytm
10/11/2023,,4088.46,CR,15494.48,UPI/ogxwbdr1u1h5@paytm
10/11/2023,634748,137.26,DR,15357.22,UPI/ai2izz4y2yvj@paytm/P2M/bkkxo7ih@ptbsi/Paytm
10/11/2023,909740,47.09,DR,15310.13,UPI/vz28l1javycr@okaxis/P2M/n8fjps9d@oksbi/Amazon
10/11/2023,,1444.1,DR,13866.03,UPI/6f3z9x2v1p6e@paytm/P2M/ndi1qm99@paytm/VENNA
10/11/2023,,1079.28,DR,12786.75,UPI/tualiwqt1mf8@oksbi/P2M/3b0vstk0@oksbi/Paytm
10/11/2023,,956.95,DR,11829.8,UPI/s1ksrot0tdxz@axl/P2M/8rfgvwj4@paytm/Flipkart
10/11/2023,889047,1475.58,DR,10354.22,UPI/2xqjyia49n5k@paytm/P2M/wnwufh2p@ptbyl/BigBazaar
10/11/2023,,2300.18,CR,12654.4,UPI/w1ry8rqy913l@paytm
10/11/2023,,1485.96,DR,11168.44,UPI/23b3958syc74@ybl/P2M/4uvtm11t@ptbsi/Edara
10/11/2023,,156.43,DR,11012.01,UPI/koxokcj4or6a@oksbi/P2M/31kgzm3o@oksbi/AxisBank
10/11/2023,,1211.63,DR,9800.38,UPI/yyuq9mfe7z3g@okhdfc/P2M/qmhlio8y@oksbi/AxisBank
09/11/2023,124796,129.36,DR,9671.02,UPI/r77lzyfjsrfe@oksbi/P2M/a3jqiczd@ptbyl/VENNA
09/11/2023,895088,1239.95,DR,8431.07,UPI/xdxce4pnbkiv@paytm/P2M/mn3dznii@ptbyl/AxisBank
09/11/2023,692518,4465.33,CR,12896.4,UPI/aozpaekldkqn@okhdfc
09/11/2023,884012,608.62,CR,13505.02,UPI/cwonbpr4fyw1@ybl
09/11/2023,,271.99,DR,13233.03,UPI/f9earkmg9331@okhdfc/P2M/3mj9mqy0@ptbyl/Paytm
09/11/2023,,510.22,DR,12722.81,UPI/nnoj34zbje2t@ybl/P2M/hoe5wkbk@ptbyl/Edara
09/11/2023,,1108.8,DR,11614.01,UPI/kty7fxgj0041@ybl/P2M/fmmofm8i@ptbyl/Airtel
09/11/2023,,224.26,DR,11389.75,UPI/1bnvbhfdiro5@okhdfc/P2M/8m70ukx1@ptbsi/VENNA
09/11/2023,,849.66,DR,10540.09,UPI/5dmz6kexjzui@okhdfc/P2M/yyo8cmyf@ptbsi/BigBazaar
09/11/2023,115591,387.91,DR,10152.18,UPI/nfrjsmv80sxv@okhdfc/P2M/l2w2qixp@ptbsi/Chala
09/11/2023,709924,882.6,DR,9269.58,UPI/x9utcw7fj532@paytm/P2M/h46dbx24@paytm/BigBazaar
09/11/2023,,1317.02,DR,7952.56,UPI/0s5bvgk6mkup@oksbi/P2M/o3lvvs8s@oksbi/Flipkart
09/11/2023,281892,733.84,DR,7218.72,UPI/3mt8k2m795ke@okaxis/P2M/p8c4lfl5@ptbsi/AxisBank
08/11/2023,,4250.62,CR,11469.34,UPI/usw8ycrvtfqn@okhdfc
08/11/2023,,2281.45,CR,13750.79,UPI/goz0ta2yrf98@oksbi
08/11/2023,,370.74,DR,13380.05,UPI/ewx5cusoq46e@oksbi/P2M/l28zqlm9@ptbyl/Amazon
08/11/2023,,1042.32,DR,12337.73,UPI/t8990f1fwxq7@okhdfc/P2M/i05r2wi5@oksbi/AxisBank
08/11/2023,,1100.03,DR,11237.7,UPI/abd9i6ljyi51@okhdfc/P2M/zevnovkg@paytm/Chala
08/11/2023,,208.74,DR,11028.96,UPI/cher8cra7dlp@oksbi/P2M/t5ftgibj@ptbsi/Amazon
08/11/2023,,268.96,DR,10760.0,UPI/3g0c7rpehqui@ybl/P2M/zqtztppn@ptbyl/Edara
08/11/2023,912096,159.44,DR,10600.56,UPI/2slc2gnhgosx@paytm/P2M/cto6n5xy@ptbyl/BigBazaar
08/11/2023,667923,316.5,DR,10284.06,UPI/fzv88g7lwv31@ybl/P2M/37ononjj@ptbyl/Edara
08/11/2023,387142,1119.21,DR,9164.85,UPI/n80c17e7mtrw@axl/P2M/4l57bl2h@oksbi/BigBazaar
08/11/2023,659074,1296.84,DR,7868.01,UPI/tnc35fxshy6e@okaxis/P2M/ch5nyu3l@ptbyl/VENNA
08/11/2023,,959.51,DR,6908.5,UPI/6swr0azu7urm@axl/P2M/qzy09msa@oksbi/Edara
08/11/2023,,378.65,DR,6529.85,UPI/mkbtqmi7meiv@ybl/P2M/zgrbyvr5@paytm/VENNA
07/11/2023,575317,1420.47,DR,5109.38,UPI/9ozh1ux8qr70@oksbi/P2M/8dawqcx4@paytm/VENNA
07/11/2023,,60.19,DR,5049.19,UPI/cn4src1q7ge9@okhdfc/P2M/clwe9srw@ptbyl/BigBazaar
07/11/2023,,880.51,DR,4168.68,UPI/wqlyjxmyglva@ybl/P2M/qz73jah3@ptbsi/Paytm
07/11/2023,451804,593.0,DR,3575.68,UPI/d1dljbq5gu0s@oksbi/P2M/vcqao7l5@ptbyl/Edara
07/11/2023,,210.19,DR,3365.49,UPI/53yzh8l9dvtg@oksbi/P2M/wlnow35y@ptbsi/Airtel
07/11/2023,,3659.71,CR,7025.2,UPI/jgqvla7ptprb@okhdfc
07/11/2023,985019,113.37,DR,6911.83,UPI/k9opp9r4yp20@paytm/P2M/oa3084pb@paytm/AxisBank
07/11/2023,,625.14,DR,6286.69,UPI/9f4u1v1nnenz@okaxis/P2M/pajly6cf@paytm/Flipkart
07/11/2023,,585.06,DR,5701.63,UPI/6hrnjcr3b0wu@axl/P2M/nxi6kszh@oksbi/Paytm
07/11/2023,296546,555.05,DR,5146.58,UPI/dny9k3dg89yh@oksbi/P2M/rtfmeiph@ptbsi/AxisBank
07/11/2023,,1461.04,DR,3685.54,UPI/k3ylsbkf126m@oksbi/P2M/csn55nsa@oksbi/Paytm
07/11/2023,914225,1329.48,DR,2356.06,UPI/mksusgvq2u0i@paytm/P2M/r1znxwzh@paytm/BigBazaar
07/11/2023,125301,190.36,DR,2165.7,UPI/761rckzq38te@okaxis/P2M/if6ee29r@ptbsi/Flipkart
06/11/2023,915409,1121.23,DR,1044.47,UPI/evy5ufhe3x02@oksbi/P2M/wflmwh9n@paytm/Chala
06/11/2023,179570,17.74,DR,1026.73,UPI/166r60s3rxqp@ybl/P2M/lqqhtkm7@oksbi/Flipkart
06/11/2023,,675.2,DR,351.53,UPI/3ri4wova3z4o@ybl/P2M/kez4xmp3@ptbsi/Flipkart
06/11/2023,,159.85,DR,191.68,UPI/snlm294basms@axl/P2M/qvjtz1p5@ptbsi/Airtel
06/11/2023,790201,78.13,DR,113.55,UPI/iw8t845od5qi@ybl/P2M/qmp7pi67@ptbsi/AxisBank
06/11/2023,,760.25,CR,873.8,UPI/9ls2t56jmn5n@okaxis
06/11/2023,217696,710.75,CR,1584.55,UPI/agma2z7z3qtp@axl
06/11/2023,,832.8,DR,751.75,UPI/95sphiw7bn0x@okhdfc/P2M/5bi6nosf@oksbi/Chala
05/11/2023,896085,928.92,CR,1680.67,UPI/b2pd4cytyozd@paytm
05/11/2023,441449,430.17,DR,1250.5,UPI/w0qvovgtqds2@ybl/P2M/31ldtay9@oksbi/Flipkart
05/11/2023,983127,716.76,DR,533.74,UPI/tajesx71z8c8@okhdfc/P2M/65o1y0wh@ptbsi/AxisBank
05/11/2023,584269,128.93,DR,404.81,UPI/trwhtciufmvs@okaxis/P2M/0fasxvs1@ptbsi/BigBazaar
05/11/2023,,2042.68,CR,2447.49,UPI/fu3uae9iqgot@okaxis
05/11/2023,,58.48,DR,2389.01,UPI/of23pvgrbeta@paytm/P2M/5g4lu64d@ptbyl/AxisBank
05/11/2023,,38.46,DR,2350.55,UPI/p5bfsjp3tcpp@paytm/P2M/eu82oxva@oksbi/Chala
05/11/2023,825141,123.0,DR,2227.55,UPI/iz3auqsh6ywj@okaxis/P2M/nahg3q6h@paytm/Paytm
05/11/2023,,553.33,DR,1674.22,UPI/7s49q7zamzjf@axl/P2M/cjrwutfn@ptbyl/VENNA
04/11/2023,,1054.64,DR,619.58,UPI/q9sc51wqr9no@oksbi/P2M/nvy5b5cy@ptbsi/VENNA
04/11/2023,398327,483.6,DR,135.98,UPI/wz85hf2f9xhd@axl/P2M/7l8kn0qj@ptbyl/Flipkart
03/11/2023,232721,716.14,CR,852.12,UPI/omdrplzsainm@paytm
02/11/2023,,2830.17,CR,3682.29,UPI/rp19u1vm3j5g@paytm
02/11/2023,,4336.5,CR,8018.79,UPI/5i6h04qecnbo@ybl
02/11/2023,786716,302.98,DR,7715.81,UPI/wrfqbrmq7b2w@axl/P2M/qokgj75m@oksbi/Amazon
02/11/2023,,982.18,DR,6733.63,UPI/8ly2mb98ejlt@okaxis/P2M/br7ub5nw@paytm/Edara
02/11/2023,,1042.21,DR,5691.42,UPI/xf614rl4ct93@ybl/P2M/vym2fcog@ptbyl/Edara
02/11/2023,298848,507.53,DR,5183.89,UPI/2ogi8tkydx0k@axl/P2M/8m4fjgol@ptbyl/VENNA
02/11/2023,479556,1007.0,DR,4176.89,UPI/59yvy1ohc751@ybl/P2M/k89zcvb1@oksbi/Airtel
02/11/2023,,968.89,DR,3208.0,UPI/mwd1tcu6puwx@okhdfc/P2M/tc665pcr@oksbi/Airtel
02/11/2023,,119.59,DR,3088.41,UPI/6sa9dmx41wvy@paytm/P2M/ibo99sj8@oksbi/Flipkart
02/11/2023,,3587.43,CR,6675.84,UPI/3lmp95zorzbg@okhdfc
02/11/2023,,1490.26,DR,5185.58,UPI/j0ek3tb2eq2w@ybl/P2M/bgqyy6i8@oksbi/Amazon
02/11/2023,570446,468.01,DR,4717.57,UPI/96fzbv5c41p8@ybl/P2M/dmwc1jst@ptbsi/Amazon
01/11/2023,,602.67,DR,4114.9,UPI/8mki0xs7wtk7@okhdfc/P2M/85qv9rs8@oksbi/Amazon
01/11/2023,,815.1,DR,3299.8,UPI/guqmnq4yvk4v@axl/P2M/7ixt40no@oksbi/BigBazaar
01/11/2023,,1142.25,DR,2157.55,UPI/g0bdz2q17dcr@axl/P2M/m1eykp3l@ptbyl/Airtel
01/11/2023,,1099.17,DR,1058.38,UPI/9i624p0xfkp1@ybl/P2M/5c0mfoqu@oksbi/AxisBank
01/11/2023,,823.58,DR,234.8,UPI/jpyip0dxzljq@paytm/P2M/xl72rr7t@ptbyl/Paytm
01/11/2023,259563,42.47,DR,192.33,UPI/mzgu5myhcbxb@oksbi/P2M/vqznbplp@oksbi/VENNA
01/11/2023,,180.29,DR,12.04,UPI/7gcx1jn5jla9@axl/P2M/1ff167ye@ptbsi/VENNA
31/10/2023,,3388.14,CR,3400.18,UPI/s6hsu1g0g6i6@okaxis
31/10/2023,642179,1218.09,DR,2182.09,UPI/gqcvx5bv11ye@paytm/P2M/cc6p29sx@oksbi/Flipkart
31/10/2023,443753,280.82,DR,1901.27,UPI/jfnrbwx9nmnx@ybl/P2M/pmzg0gyv@paytm/Paytm
31/10/2023,,676.3,DR,1224.97,UPI/mibvv76d08py@okaxis/P2M/abzlujcb@ptbyl/Flipkart
31/10/2023,804396,359.51,DR,865.46,UPI/6mb8igseqf0m@okaxis/P2M/1gm7aqrt@ptbsi/AxisBank
31/10/2023,850303,546.23,DR,319.23,UPI/uzpdmm1njhgf@ybl/P2M/9xgp3977@ptbyl/VENNA
30/10/2023,546461,284.62,DR,34.61,UPI/3k4rfe0kr4gd@okaxis/P2M/3dqluzln@ptbyl/Amazon
30/10/2023,737055,2782.03,CR,2816.64,UPI/lop5xy4qmq9a@paytm
29/10/2023,,81.55,DR,2735.09,UPI/9tcg2pfrbbeu@okaxis/P2M/mkevhvrb@ptbsi/VENNA
29/10/2023,,383.74,CR,3118.83,UPI/57k9s2n4kyhr@okhdfc
29/10/2023,,248.06,DR,2870.77,UPI/km6kauz63dda@ybl/P2M/4jplqb5j@oksbi/Airtel
29/10/2023,203188,641.23,DR,2229.54,UPI/x598wmkx5coi@oksbi/P2M/781dca7t@ptbyl/Chala
29/10/2023,600287,1169.29,DR,1060.25,UPI/75n0475n5eiq@oksbi/P2M/5cskbmpq@paytm/BigBazaar
29/10/2023,,754.65,DR,305.6,UPI/bpi05w38cyqn@oksbi/P2M/k25lzrln@ptbsi/VENNA
28/10/2023,219437,153.31,DR,152.29,UPI/3tmcifugi01m@okhdfc/P2M/ujca1mst@ptbsi/BigBazaar
28/10/2023,,66.04,DR,86.25,UPI/3fwtfi3qy48u@okaxis/P2M/2xvb58hm@ptbyl/AxisBank
27/10/2023,865714,2483.34,CR,2569.59,UPI/2dq4q77zrm8g@ybl
27/10/2023,,871.04,DR,1698.55,UPI/s0tc20rbnkkm@ybl/P2M/25wtwwk1@paytm/VENNA
27/10/2023,662400,908.75,DR,789.8,UPI/4w3rg76m9t7g@oksbi/P2M/n5f870kx@oksbi/Chala
27/10/2023,508199,437.72,DR,352.08,UPI/cfq0bi87yswu@okaxis/P2M/6ehdhxve@oksbi/Paytm
27/10/2023,614436,150.46,DR,201.62,UPI/qtu5x3pjl8tp@okaxis/P2M/xx0ovkqb@paytm/Amazon
26/10/2023,232111,89.52,DR,112.1,UPI/6rv5mnxolbfx@axl/P2M/a2re04kv@ptbsi/Amazon
26/10/2023,,3516.97,CR,3629.07,UPI/db198r14fz0m@paytm
26/10/2023,324975,170.76,DR,3458.31,UPI/o5k4bvqdf6g3@axl/P2M/1b9qiu8u@oksbi/VENNA
26/10/2023,,1117.92,CR,4576.23,UPI/f6jvewa4cdr1@okaxis
26/10/2023,,443.89,DR,4132.34,UPI/bnsufp5gazbw@ybl/P2M/xim3vy9c@oksbi/AxisBank
26/10/2023,467372,3959.37,CR,8091.71,UPI/myie6cwjavm5@oksbi
26/10/2023,773150,412.74,DR,7678.97,UPI/l3vsunz64k51@paytm/P2M/fh6b4vip@paytm/BigBazaar
26/10/2023,,935.73,DR,6743.24,UPI/ep2j6iwzrsvt@oksbi/P2M/b9tvv241@oksbi/Chala
26/10/2023,673632,2076.17,CR,8819.41,UPI/60e8vs0w6drs@okaxis
26/10/2023,948549,1456.15,DR,7363.26,UPI/2uycdomimpe8@paytm/P2M/s7fzgbin@ptbsi/AxisBank
26/10/2023,828352,3755.18,CR,11118.44,UPI/hm24fua8jzm5@okhdfc
26/10/2023,,141.31,DR,10977.13,UPI/mju43avzjn5x@okaxis/P2M/25n7w8yz@ptbyl/VENNA
25/10/2023,655158,256.02,DR,10721.11,UPI/8ip05qgnr7y1@oksbi/P2M/tjua4u9b@oksbi/AxisBank
25/10/2023,,191.45,DR,10529.66,UPI/vxchkffoeeag@okaxis/P2M/0vg245qn@paytm/AxisBank
25/10/2023,,1275.88,DR,9253.78,UPI/hszgfccmnl33@axl/P2M/8qr2j8gl@oksbi/Amazon
25/10/2023,,965.37,DR,8288.41,UPI/w5q0gyw4ufss@ybl/P2M/c5m9cnbf@paytm/Flipkart
25/10/2023,,1028.05,DR,7260.36,UPI/rxk5no1g87tw@axl/P2M/yw9k8szy@ptbyl/BigBazaar
25/10/2023,,352.95,DR,6907.41,UPI/z8u8f5evhi07@axl/P2M/mzrz9tto@ptbsi/Edara
25/10/2023,,191.66,DR,6715.75,UPI/0q6z82dy9kyb@axl/P2M/sons900d@paytm/VENNA
25/10/2023,487610,2721.29,CR,9437.04,UPI/hz59q528h76b@paytm
25/10/2023,,801.94,DR,8635.1,UPI/54x3na8do8rw@okhdfc/P2M/nvejb3vz@paytm/VENNA
25/10/2023,,656.18,DR,7978.92,UPI/f7m2xtefuggc@paytm/P2M/u4fwky6e@paytm/BigBazaar
25/10/2023,,310.16,DR,7668.76,UPI/1u1iat88z58k@okaxis/P2M/2ktj3spi@ptbyl/Paytm
25/10/2023,750395,1165.17,DR,6503.59,UPI/w3h3p9zbgp80@ybl/P2M/cw9o44iv@oksbi/AxisBank
25/10/2023,,357.91,DR,6145.68,UPI/pv5jrgjtjjzm@okhdfc/P2M/eezofmtl@ptbsi/Paytm
24/10/2023,,364.27,DR,5781.41,UPI/fh9pp0hu46p1@paytm/P2M/mt8l3x01@ptbyl/Airtel
24/10/2023,251131,721.61,DR,5059.8,UPI/hn0t8iw2skkh@oksbi/P2M/v6wv5p24@paytm/Amazon
24/10/2023,,849.9,DR,4209.9,UPI/jeywsv2gf69e@oksbi/P2M/aznl3xgn@ptbyl/AxisBank
24/10/2023,,13.0,DR,4196.9,UPI/e88z2ozjjcl4@axl/P2M/1r0tgba0@paytm/AxisBank
24/10/2023,,621.41,CR,4818.31,UPI/wrxmpe9whf2s@ybl
24/10/2023,,1296.43,DR,3521.88,UPI/tgdgs5f1vkeh@axl/P2M/newu8s3o@ptbsi/VENNA
24/10/2023,,3200.04,CR,6721.92,UPI/or5bhzyias30@axl
24/10/2023,,935.56,DR,5786.36,UPI/9zmjgbgbgahi@okaxis/P2M/u3d6u4ad@paytm/Chala
24/10/2023,,1006.44,DR,4779.92,UPI/ltg7d96bv8so@okhdfc/P2M/u6d9rbrn@ptbyl/Paytm
24/10/2023,,552.59,DR,4227.33,UPI/7946hms7u5lr@paytm/P2M/t2gxlm9e@ptbyl/Flipkart
24/10/2023,,1054.67,DR,3172.66,UPI/1fkx6si3rpwd@oksbi/P2M/woj7wvj0@ptbsi/Airtel
24/10/2023,,2237.63,CR,5410.29,UPI/ntwao6472mbe@okhdfc
24/10/2023,,1005.81,DR,4404.48,UPI/vsobe35e5fmj@oksbi/P2M/pakyqpie@oksbi/Airtel
23/10/2023,,412.01,DR,3992.47,UPI/eu6p40hwkkwy@okaxis/P2M/pjpmhiu7@oksbi/Airtel
23/10/2023,758875,155.89,DR,3836.58,UPI/3jwsedxdrduo@axl/P2M/f149dytz@ptbyl/BigBazaar
23/10/2023,,377.53,DR,3459.05,UPI/l3454dw0ldn7@ybl/P2M/riw8tzro@ptbyl/VENNA
23/10/2023,,746.07,CR,4205.12,UPI/tynu2u05jiqq@okaxis
23/10/2023,,1349.41,DR,2855.71,UPI/dq3gwlhdb4pb@okaxis/P2M/xib2qlgh@ptbyl/BigBazaar
23/10/2023,,1035.98,DR,1819.73,UPI/o4v5j0mqxz0j@okhdfc/P2M/ft3fbi28@paytm/Airtel
23/10/2023,161361,1102.3,DR,717.43,UPI/yqo5lrbxpqnp@okhdfc/P2M/m4smspes@ptbyl/Flipkart
23/10/2023,882482,485.36,DR,232.07,UPI/3kxmkyzt4hyn@paytm/P2M/1tp0mt0b@ptbyl/Amazon
23/10/2023,,3778.22,CR,4010.29,UPI/ubwvg6ncnvl0@axl
23/10/2023,994563,1490.3,DR,2519.99,UPI/oy2i93f0y212@ybl/P2M/l0viq8yh@ptbsi/VENNA
22/10/2023,329265,1368.7,CR,3888.69,UPI/zyz09o8yfe7d@oksbi
22/10/2023,441627,1377.15,DR,2511.54,UPI/16ytzogw4t7y@okhdfc/P2M/mhi2tpmb@ptbyl/AxisBank
22/10/2023,528330,1378.86,CR,3890.4,UPI/v3zwr7wcwej6@paytm
22/10/2023,,571.75,DR,3318.65,UPI/3ywdmqywlh7j@axl/P2M/0vqok4ya@oksbi/VENNA
22/10/2023,,204.0,DR,3114.65,UPI/jv1grpf388tg@ybl/P2M/zeplu5e2@ptbyl/Chala
22/10/2023,,104.92,DR,3009.73,UPI/fgxg8pml2d8a@axl/P2M/ghyv0s73@paytm/AxisBank
22/10/2023,507744,833.1,DR,2176.63,UPI/c701pikytyjg@okhdfc/P2M/w0iy2q1n@paytm/Amazon
22/10/2023,842871,1421.19,DR,755.44,UPI/fh7528yhgn2h@paytm/P2M/cof6ya09@ptbyl/Chala
22/10/2023,,2169.4,CR,2924.84,UPI/snarodec1q4v@okaxis
22/10/2023,963745,1049.65,DR,1875.19,UPI/5rdaoe4xjz0i@okhdfc/P2M/pi8pkr9u@paytm/Airtel
21/10/2023,,1002.66,DR,872.53,UPI/rsw94ks7k4h5@paytm/P2M/0vshs53i@ptbyl/Edara
21/10/2023,,2009.09,CR,2881.62,UPI/2fvgqpzt4pd3@okhdfc
21/10/2023,,469.7,DR,2411.92,UPI/gnih0yu5d2hp@okhdfc/P2M/god6ytaj@ptbyl/Flipkart
21/10/2023,,914.44,DR,1497.48,UPI/j1zcwk1wn2kh@oksbi/P2M/m11gjbrn@paytm/Amazon
21/10/2023,944433,1438.2,DR,59.28,UPI/b3axcxdcq11u@ybl/P2M/4o4ttdyx@ptbsi/Chala
21/10/2023,897756,2083.38,CR,2142.66,UPI/9psko4zs7mof@paytm
21/10/2023,732284,1388.05,DR,754.61,UPI/le18d1o8qwnr@ybl/P2M/h24tls24@oksbi/VENNA
21/10/2023,,706.67,DR,47.94,UPI/gg2g2tesrhk4@ybl/P2M/wozmd7fw@oksbi/Airtel
21/10/2023,,3998.1,CR,4046.04,UPI/xl6nsf3uak2m@okaxis
21/10/2023,,418.98,DR,3627.06,UPI/m6f95k6syfih@oksbi/P2M/ij26wap5@oksbi/AxisBank
21/10/2023,486370,1273.05,DR,2354.01,UPI/5odz37bplndc@ybl/P2M/hchz3nnm@ptbsi/VENNA
20/10/2023,820139,1416.74,DR,937.27,UPI/l8doqr6euvxy@okaxis/P2M/cxtx381q@paytm/BigBazaar
20/10/2023,,3023.99,CR,3961.26,UPI/dr8f19umjwwu@okhdfc
20/10/2023,966091,113.62,DR,3847.64,UPI/u7bdomgm0uhd@axl/P2M/okzeh8to@ptbyl/Paytm
20/10/2023,,85.1,DR,3762.54,UPI/h663pw0bmwo6@axl/P2M/cdkpd568@ptbyl/Paytm
20/10/2023,,651.36,DR,3111.18,UPI/waizq66426rq@ybl/P2M/q65z3549@ptbyl/Edara
20/10/2023,624119,3382.24,CR,6493.42,UPI/e4j1jmjrodq2@paytm
20/10/2023,632763,261.19,DR,6232.23,UPI/skbz9s084ftd@axl/P2M/j68szjxb@ptbsi/AxisBank
20/10/2023,,1052.97,DR,5179.26,UPI/tuir0o7zpepm@okaxis/P2M/j1albltq@paytm/Airtel
20/10/2023,898949,1068.77,DR,4110.49,UPI/07ttu0ljt5wh@oksbi/P2M/nx2huxhv@oksbi/Edara
20/10/2023,,2794.86,CR,6905.35,UPI/78b0rk4847dn@okaxis
20/10/2023,,4227.26,CR,11132.61,UPI/jez539pn405x@okhdfc
20/10/2023,,1262.83,DR,9869.78,UPI/ldedg2pvejii@ybl/P2M/iwyvvyp5@paytm/Flipkart
19/10/2023,221249,1215.96,DR,8653.82,UPI/mx1ay70x5g3w@ybl/P2M/cxzplo4s@ptbyl/Edara
19/10/2023,,1028.58,DR,7625.24,UPI/8y2dcpnh4bbt@ybl/P2M/f3bqg005@ptbsi/BigBazaar
19/10/2023,499659,916.61,DR,6708.63,UPI/5mg7157q9i6l@axl/P2M/c76tacah@ptbyl/Amazon
19/10/2023,453113,1197.98,DR,5510.65,UPI/ew40mk589bbr@axl/P2M/2iplgaro@oksbi/VENNA
19/10/2023,,516.37,DR,4994.28,UPI/nrweqd1w0e1b@oksbi/P2M/vgay43le@oksbi/VENNA
19/10/2023,,289.71,DR,4704.57,UPI/26i9f5wuvomd@okhdfc/P2M/jso9l5a2@ptbyl/BigBazaar
19/10/2023,698355,47.92,DR,4656.65,UPI/hnjuihc075bi@paytm/P2M/2ha1jxyq@paytm/Airtel
19/10/2023,278514,575.02,DR,4081.63,UPI/70q2lkn4spks@axl/P2M/v9kg78z1@ptbyl/Amazon
19/10/2023,557082,1193.8,DR,2887.83,UPI/gwgp7gbsy13c@ybl/P2M/yhuhb8q8@ptbsi/AxisBank
19/10/2023,,276.16,DR,2611.67,UPI/gf32ahp5c5pf@axl/P2M/70yz7zr9@oksbi/AxisBank
19/10/2023,,533.72,DR,2077.95,UPI/82z58s427mso@okhdfc/P2M/et285hdk@oksbi/Airtel
19/10/2023,,143.44,DR,1934.51,UPI/g1yv6t92xmbo@axl/P2M/mzb1ylca@ptbyl/BigBazaar
19/10/2023,,1141.68,DR,792.83,UPI/80i7keiz8pul@axl/P2M/zm042km2@paytm/VENNA
18/10/2023,683991,4297.22,CR,5090.05,UPI/oilzopot6rdt@paytm
18/10/2023,252599,482.73,DR,4607.32,UPI/gnzidd6tjkki@ybl/P2M/s0ytm5hh@oksbi/Amazon
18/10/2023,,1381.87,DR,3225.45,UPI/l0n807vrirkv@ybl/P2M/uxvn0ae5@ptbsi/AxisBank
18/10/2023,,531.05,DR,2694.4,UPI/zmhvz25ro5ca@oksbi/P2M/vgu1q222@ptbsi/Edara
18/10/2023,866751,2460.59,CR,5154.99,UPI/pjerju078qif@okaxis
18/10/2023,,855.66,DR,4299.33,UPI/6d0jdj7timhs@okaxis/P2M/4mkhawft@ptbsi/BigBazaar
18/10/2023,,1021.65,DR,3277.68,UPI/ystzpfv5mxtv@oksbi/P2M/y4iu0jlw@oksbi/Paytm
18/10/2023,,43.92,DR,3233.76,UPI/tw7tx71yt46w@oksbi/P2M/ri45k0av@oksbi/BigBazaar
18/10/2023,,715.41,DR,2518.35,UPI/wm65dn9vn5xm@axl/P2M/2knk3rv4@paytm/Flipkart
18/10/2023,178157,773.09,DR,1745.26,UPI/k8ku8myo4uqi@oksbi/P2M/wr4lqt24@ptbsi/BigBazaar
18/10/2023,,230.62,DR,1514.64,UPI/5i0drnaymolj@ybl/P2M/snci8icd@oksbi/Flipkart
18/10/2023,,176.15,CR,1690.79,UPI/bmhf60f9hbcr@paytm
18/10/2023,433257,254.96,DR,1435.83,UPI/t9152ka02ns2@okaxis/P2M/3fmom4yy@oksbi/Amazon
17/10/2023,991977,580.09,DR,855.74,UPI/e3qf5z365atj@ybl/P2M/tedcjk2x@ptbyl/Edara
17/10/2023,,765.41,DR,90.33,UPI/j4j2n3ce9r9v@ybl/P2M/pt9ggol5@oksbi/Edara
17/10/2023,,1788.79,CR,1879.12,UPI/toivkhxdwvab@axl
17/10/2023,,2609.44,CR,4488.56,UPI/zhkeqan77d3o@okhdfc
16/10/2023,443052,1186.75,DR,3301.81,UPI/d2l0151wop9e@paytm/P2M/ljh0hbsy@paytm/AxisBank
16/10/2023,,1470.0,DR,1831.81,UPI/us6tarxe7u2i@okaxis/P2M/cdi87f6o@ptbsi/Airtel
16/10/2023,669792,1381.2,DR,450.61,UPI/ldru0817izyw@okhdfc/P2M/g07z3mg7@ptbsi/Edara
16/10/2023,,390.3,DR,60.31,UPI/0q8d05tc8bd5@oksbi/P2M/v3evogym@ptbsi/Chala
16/10/2023,,1628.57,CR,1688.88,UPI/kkqb2pcq35bt@axl
16/10/2023,422927,1410.14,DR,278.74,UPI/51w7jhpjvi1t@axl/P2M/b91df3uk@ptbyl/BigBazaar
16/10/2023,834537,277.25,DR,1.49,UPI/pahaudfwiiwk@ybl/P2M/1wgbcg98@ptbsi/Flipkart
14/10/2023,340381,497.29,CR,498.78,UPI/ggr2pd6d93u3@paytm
14/10/2023,,481.71,DR,17.07,UPI/cpx33m6ip6tf@okhdfc/P2M/3vfnd06r@paytm/Chala
13/10/2023,,4376.0,CR,4393.07,UPI/ljnjergfe6y8@paytm
13/10/2023,,550.57,DR,3842.5,UPI/01597gr1tsm9@paytm/P2M/bwrpht5u@oksbi/AxisBank
13/10/2023,,301.55,DR,3540.95,UPI/1xbv6pgrevle@oksbi/P2M/2jzk0s08@paytm/Amazon
13/10/2023,,998.11,DR,2542.84,UPI/wiiwbb4aebf6@paytm/P2M/6zvf47gg@paytm/VENNA
13/10/2023,,3078.78,CR,5621.62,UPI/wm6ursh6yzfi@okaxis
13/10/2023,,4347.12,CR,9968.74,UPI/qthnlqjw6rl2@ybl
13/10/2023,,1073.24,DR,8895.5,UPI/55a29qnl529v@axl/P2M/r9sbe4kd@oksbi/Flipkart
13/10/2023,201901,1249.11,DR,7646.39,UPI/ijd7h434gjdt@okaxis/P2M/hx6ewx8q@ptbsi/AxisBank
13/10/2023,,87.3,DR,7559.09,UPI/7elaesrjxm83@axl/P2M/z5rrvqyc@paytm/BigBazaar
13/10/2023,,36.75,DR,7522.34,UPI/rodgged16jcw@oksbi/P2M/8cmc9bl4@ptbsi/Flipkart
13/10/2023,441583,415.95,DR,7106.39,UPI/9thhjj3y6dqc@ybl/P2M/qqcvltmd@ptbyl/Edara
12/10/2023,107965,1364.4,DR,5741.99,UPI/mv3bwzam7nfl@okaxis/P2M/35orboeq@ptbyl/VENNA
12/10/2023,,530.46,DR,5211.53,UPI/llfsddg2rbnq@okaxis/P2M/byfz6mkl@paytm/BigBazaar
12/10/2023,,715.35,DR,4496.18,UPI/gxsb7zdozvm3@oksbi/P2M/axvs5wrl@ptbsi/VENNA
12/10/2023,,408.64,DR,4087.54,UPI/37iyv3ce6d7j@okaxis/P2M/bzhoqoqj@ptbsi/Paytm
12/10/2023,371831,591.87,DR,3495.67,UPI/4hwdafd4af4o@paytm/P2M/5zuw8qd3@oksbi/BigBazaar
12/10/2023,,115.04,DR,3380.63,UPI/rpkxb1n4orvj@paytm/P2M/0vrq7jwt@ptbyl/Airtel
12/10/2023,,398.29,DR,2982.34,UPI/mk9ahfz46nl8@axl/P2M/at7e9p6b@oksbi/Amazon
12/10/2023,,1589.2,CR,4571.54,UPI/ycnhywhckv40@axl
12/10/2023,,1175.8,DR,3395.74,UPI/as8kmztwofom@okaxis/P2M/lg7mqlai@ptbyl/Flipkart
12/10/2023,179863,1376.87,DR,2018.87,UPI/y7pe2lgemxg3@okhdfc/P2M/mwxrgb7t@ptbyl/Paytm
12/10/2023,,971.33,DR,1047.54,UPI/k4h3qv27vb1h@ybl/P2M/hzwjbpd0@oksbi/VENNA
12/10/2023,,959.21,DR,88.33,UPI/eo9p84d8spw4@okhdfc/P2M/xs9ayx0f@oksbi/BigBazaar
11/10/2023,,3114.44,CR,3202.77,UPI/4h7jhsovtd6x@okaxis
11/10/2023,924508,1145.01,DR,2057.76,UPI/ig88b8gddoz8@okaxis/P2M/i4x5clcu@ptbsi/Amazon
11/10/2023,482945,679.11,DR,1378.65,UPI/qwbcrj5d5nlp@okaxis/P2M/7y30zs3d@oksbi/AxisBank
11/10/2023,383342,405.49,DR,973.16,UPI/nz64j4440h98@paytm/P2M/eg9kjziz@ptbyl/VENNA
11/10/2023,,911.37,DR,61.79,UPI/kbcnb7i9pg72@oksbi/P2M/kwwqs334@oksbi/Airtel
10/10/2023,228623,1283.2,CR,1344.99,UPI/2npidzkjxcmy@paytm
10/10/2023,280944,888.92,DR,456.07,UPI/73qstqlxtxls@ybl/P2M/66w3gxtm@ptbsi/AxisBank
10/10/2023,,87.91,DR,368.16,UPI/j5z6gvvg3j1o@okhdfc/P2M/1x0shz6b@ptbsi/Paytm
09/10/2023,,2175.5,CR,2543.66,UPI/deo1nvl6e8i4@okaxis
09/10/2023,368691,1275.57,DR,1268.09,UPI/to5j760068ee@paytm/P2M/l6yt91t4@oksbi/Chala
09/10/2023,952174,873.4,DR,394.69,UPI/kg0lda50jusa@okaxis/P2M/o6o1gm0n@ptbsi/BigBazaar
09/10/2023,604557,3485.46,CR,3880.15,UPI/7hbgdn1cwlr8@okhdfc
09/10/2023,156931,1394.41,DR,2485.74,UPI/tw5662e7fszj@axl/P2M/mfahkilb@ptbsi/Paytm
09/10/2023,575227,460.39,DR,2025.35,UPI/xn11on1x6p85@oksbi/P2M/73r1hubg@ptbsi/Edara
09/10/2023,,1263.4,DR,761.95,UPI/2grixfe1k5d7@oksbi/P2M/6pjnv8lh@ptbyl/VENNA
09/10/2023,,543.46,DR,218.49,UPI/zdt5ochk5c7h@okaxis/P2M/i19wwyjx@oksbi/Paytm
08/10/2023,,2211.37,CR,2429.86,UPI/fhjg9usq94oq@paytm
08/10/2023,811599,1453.57,DR,976.29,UPI/n9uhdv8ffdwg@oksbi/P2M/nygvpv14@ptbyl/Paytm
08/10/2023,,975.96,DR,0.33,UPI/ukpo35lyzrue@axl/P2M/5rfhsf6h@ptbsi/VENNA
08/10/2023,,314.17,CR,314.5,UPI/0s03t6q8avyv@ybl
08/10/2023,449559,144.0,DR,170.5,UPI/d3uyieodo13i@okaxis/P2M/802ssvki@oksbi/Flipkart
07/10/2023,647403,537.34,CR,707.84,UPI/az0rj3jxmfqk@oksbi
07/10/2023,990862,98.28,DR,609.56,UPI/2h3ioufkdofu@ybl/P2M/kcnbozkd@paytm/Paytm
07/10/2023,,248.65,CR,858.21,UPI/zw1oivogrlks@okaxis
07/10/2023,,248.52,DR,609.69,UPI/4wabwtqhtzr5@oksbi/P2M/677u7yi4@oksbi/Amazon
07/10/2023,631603,4695.94,CR,5305.63,UPI/xn5qn5h43fhj@paytm
06/10/2023,,1108.79,DR,4196.84,UPI/fhb3b8tzu38o@okaxis/P2M/7vh4qi7t@ptbsi/Edara
06/10/2023,110054,1041.5,DR,3155.34,UPI/bqbh4clbfza7@okhdfc/P2M/lk8tqpwn@paytm/AxisBank
06/10/2023,928123,592.11,DR,2563.23,UPI/lc7o4rxpyyrg@paytm/P2M/mykoqswo@oksbi/BigBazaar
06/10/2023,,762.73,DR,1800.5,UPI/1w3l3hkc4k92@okaxis/P2M/2ydiu583@paytm/Flipkart
06/10/2023,,2420.15,CR,4220.65,UPI/xe1a3vjf3gmm@paytm
06/10/2023,,354.65,DR,3866.0,UPI/l8ufcg31508e@ybl/P2M/n4gtf92l@paytm/Chala
06/10/2023,,3035.13,CR,6901.13,UPI/4qfrfqhjz6b6@paytm
06/10/2023,,655.18,DR,6245.95,UPI/pnhfxmr9tm1u@okhdfc/P2M/2dcqw95q@ptbyl/Paytm
06/10/2023,,211.6,DR,6034.35,UPI/i9qcgk0qkx2i@paytm/P2M/on3todel@oksbi/Edara
06/10/2023,,1334.57,DR,4699.78,UPI/t1a5043xcgtk@paytm/P2M/lq1f6bql@ptbsi/Airtel
06/10/2023,,1011.74,DR,3688.04,UPI/moeh0kllqcjm@okhdfc/P2M/de8dgfk8@paytm/VENNA
06/10/2023,,823.11,DR,2864.93,UPI/vcqy9vsxoktx@okhdfc/P2M/yl7vmrak@ptbsi/Flipkart
05/10/2023,,273.48,DR,2591.45,UPI/ee1tvx7jc68j@oksbi/P2M/rbr5y2ja@ptbyl/BigBazaar
05/10/2023,335661,1102.69,DR,1488.76,UPI/xdfa0l0z3c4e@oksbi/P2M/ex2muive@oksbi/AxisBank
05/10/2023,,995.88,DR,492.88,UPI/jkwrq50a1jjk@axl/P2M/9q3ty9ct@paytm/Amazon
05/10/2023,,430.47,DR,62.41,UPI/1eza45qrvbs3@okhdfc/P2M/3rns6p03@oksbi/Amazon
05/10/2023,,1392.76,CR,1455.17,UPI/0qbgvuhcffxp@oksbi
05/10/2023,392275,88.83,DR,1366.34,UPI/dck37urquuff@axl/P2M/3fwepwh6@paytm/Edara
05/10/2023,457357,232.5,DR,1133.84,UPI/kr0s0bcimq67@okaxis/P2M/nye0iufg@oksbi/Paytm
05/10/2023,,991.64,DR,142.2,UPI/xjwz4qfho94l@oksbi/P2M/vhv8d93n@ptbsi/Flipkart
04/10/2023,,1249.99,CR,1392.19,UPI/0pyzapl93y5g@ybl
04/10/2023,701276,322.64,DR,1069.55,UPI/1xa5tn7fs6lz@okhdfc/P2M/zk7kv492@paytm/Airtel
04/10/2023,,520.63,DR,548.92,UPI/qf1bk1u6kzkg@ybl/P2M/gvu9n2nt@paytm/Chala
04/10/2023,302920,415.64,DR,133.28,UPI/29uaaj190fkj@okaxis/P2M/c9a3kt03@ptbsi/BigBazaar
03/10/2023,,4704.24,CR,4837.52,UPI/9g7agvq36nxb@okaxis
03/10/2023,771912,1306.66,DR,3530.86,UPI/r0pckxm7p2ee@axl/P2M/yep2jqwh@oksbi/Chala
03/10/2023,323785,141.33,DR,3389.53,UPI/n25cm7w7pchy@paytm/P2M/eb0pzdg3@oksbi/Flipkart
03/10/2023,,1124.57,DR,2264.96,UPI/fmlfovr7dfjn@axl/P2M/68bvewmn@ptbsi/VENNA
02/10/2023,915588,1452.98,CR,3717.94,UPI/ahnmfjcainlf@ybl
02/10/2023,,363.93,DR,3354.01,UPI/xbcr3xxuyq3n@okaxis/P2M/6y9dl3kg@ptbsi/Edara
02/10/2023,216084,797.46,DR,2556.55,UPI/mffyn4v12lye@paytm/P2M/wb8moq31@oksbi/Airtel
02/10/2023,,336.4,DR,2220.15,UPI/mkikk6km8c0s@okhdfc/P2M/uj5bnrhv@oksbi/Airtel
02/10/2023,,698.4,DR,1521.75,UPI/ssrg545futkp@okhdfc/P2M/5izfl1l1@oksbi/VENNA
02/10/2023,271638,1175.73,DR,346.02,UPI/kx5qoqoph7t3@ybl/P2M/eaoj9q78@paytm/VENNA
02/10/2023,,3572.33,CR,3918.35,UPI/ol909vzhns62@axl
02/10/2023,759812,754.59,DR,3163.76,UPI/aix25bfy8uv0@oksbi/P2M/w7horzf1@ptbsi/Amazon
02/10/2023,,946.77,DR,2216.99,UPI/rk54ds5c8z17@okaxis/P2M/zlemo9db@ptbyl/AxisBank
02/10/2023,343568,2095.46,CR,4312.45,UPI/wyml28bjqw6r@axl
02/10/2023,,169.87,DR,4142.58,UPI/cb2xhwawhxn0@okaxis/P2M/2ekc3r87@ptbsi/Chala
01/10/2023,691882,38.6,DR,4103.98,UPI/lfpvbcko6v4i@okhdfc/P2M/94rmph00@paytm/AxisBank
01/10/2023,,176.16,DR,3927.82,UPI/na23xvlkkfxd@ybl/P2M/ixcd24ie@ptbyl/VENNA
01/10/2023,,1350.34,DR,2577.48,UPI/7f3tcjcqiw06@axl/P2M/jlhw2dpb@oksbi/AxisBank
01/10/2023,,411.92,DR,2165.56,UPI/kl7rv3ru2rnk@okhdfc/P2M/khzbq27x@ptbyl/AxisBank
01/10/2023,,148.32,DR,2017.24,UPI/9qrd4r3rn0jl@paytm/P2M/bqlpgxm7@ptbyl/VENNA
01/10/2023,,786.17,DR,1231.07,UPI/tblqeojxlgql@oksbi/P2M/owazhp34@oksbi/Paytm
01/10/2023,156191,1240.07,CR,2471.14,UPI/02hfqrnf8rnz@okaxis
01/10/2023,,385.79,DR,2085.35,UPI/ymt8ss3o35og@oksbi/P2M/2l1vu898@oksbi/AxisBank
01/10/2023,993904,3031.4,CR,5116.75,UPI/sshpcu473nuo@paytm
01/10/2023,,585.42,DR,4531.33,UPI/o2mkqi07crkb@okaxis/P2M/towsc3da@ptbsi/Flipkart
01/10/2023,,2212.18,CR,6743.51,UPI/m8ptuxmffvjs@paytm
01/10/2023,,725.56,DR,6017.95,UPI/ehy1sxij2rtx@oksbi/P2M/zabe01cw@paytm/Edara
