Date,Instrument ID,Amount,Type,Balance,Remarks
31/10/2022,,496.2,DR,769.77,UPI/ds2brq4fhrbm@ybl/P2M/hl655lio@oksbi/Edara
31/10/2022,,416.16,DR,353.61,UPI/48srzoxgf60e@paytm/P2M/r3u7mzhh@oksbi/VENNA
30/10/2022,,3812.08,CR,4165.69,UPI/rlrsep3ssr0a@okhdfc
30/10/2022,,1326.15,DR,2839.54,UPI/dg2oqqgv5kz5@paytm/P2M/gz7erv2b@oksbi/AxisBank
30/10/2022,295145,1356.62,DR,1482.92,UPI/nfwl94qhgvxi@ybl/P2M/zyz2xuu8@ptbyl/Amazon
30/10/2022,130437,1416.43,DR,66.49,UPI/6408bzma3067@axl/P2M/x3rebu3x@ptbsi/BigBazaar
30/10/2022,,3593.82,CR,3660.31,UPI/pobsttsaea54@ybl
30/10/2022,,338.4,DR,3321.91,UPI/adt6xnxq8gmw@oksbi/P2M/00okyudf@paytm/Paytm
30/10/2022,,2019.02,CR,5340.93,UPI/ucw0fvwiflug@axl
30/10/2022,,4314.49,CR,9655.42,UPI/9e533s5d1nti@axl
30/10/2022,698331,3230.54,CR,12885.96,UPI/59q15ejrue18@okhdfc
30/10/2022,987167,736.3,DR,12149.66,UPI/9lidzrhsgzot@oksbi/P2M/0ofz5ny2@oksbi/Airtel
29/10/2022,339344,1256.79,DR,10892.87,UPI/yjes0qwvqetm@oksbi/P2M/f8r3b8py@paytm/VENNA
29/10/2022,,1205.09,DR,9687.78,UPI/csm5sjvw9sb3@okaxis/P2M/72qoe0ex@paytm/Amazon
29/10/2022,428821,1431.99,DR,8255.79,UPI/c9g9k66bkw74@oksbi/P2M/lpmbb2z5@oksbi/Flipkart
29/10/2022,,218.08,DR,8037.71,UPI/g39uhrluagzr@okaxis/P2M/6tnwfcx0@ptbsi/Amazon
29/10/2022,,2779.77,CR,10817.48,UPI/bk0rs66jnn6t@ybl
29/10/2022,,1039.01,DR,9778.47,UPI/blb8p5b0lbpn@paytm/P2M/2mh616qy@ptbsi/Amazon
29/10/2022,,519.18,DR,9259.29,UPI/zj91czk6w1z8@okaxis/P2M/dygkwyci@ptbyl/AxisBank
29/10/2022,851774,929.32,DR,8329.97,UPI/5fu01wi36fyt@oksbi/P2M/h0894z2u@paytm/Paytm
29/10/2022,319692,154.24,DR,8175.73,UPI/teolpsfn4icj@okhdfc/P2M/jhffwctz@ptbyl/AxisBank
29/10/2022,,1137.07,DR,7038.66,UPI/4u891rx7vjun@oksbi/P2M/qs39s1r5@oksbi/Airtel
29/10/2022,763249,325.34,DR,6713.32,UPI/z2vaw0e0gqwt@okaxis/P2M/gwwh5ppl@ptbyl/Edara
29/10/2022,,278.03,DR,6435.29,UPI/tb0n5um93akp@okaxis/P2M/trtkotfd@ptbyl/Amazon
29/10/2022,341484,504.28,DR,5931.01,UPI/tx0o7bwjvbzt@okaxis/P2M/tqdlicmn@oksbi/Chala
28/10/2022,794114,509.72,DR,5421.29,UPI/pnt2w8ni2a7l@axl/P2M/q6yzyyhm@ptbsi/Edara
28/10/2022,,3299.33,CR,8720.62,UPI/ym2jmszqq96w@oksbi
28/10/2022,,976.62,DR,7744.0,UPI/cwev23iz3v0n@okhdfc/P2M/5vok7fyj@oksbi/Amazon
28/10/2022,592984,457.91,DR,7286.09,UPI/75u1v7ngr2j5@ybl/P2M/j87kt30u@ptbsi/Paytm
28/10/2022,,568.31,DR,6717.78,UPI/9yt9jnbp9d2s@okhdfc/P2M/kmxv6sym@paytm/Amazon
28/10/2022,,1183.61,DR,5534.17,UPI/frrbmmerinwf@paytm/P2M/yiivoktk@paytm/Chala
28/10/2022,880300,466.51,DR,5067.66,UPI/ymbrbeov6fam@paytm/P2M/dsnk23or@ptbyl/Amazon
28/10/2022,316080,4844.75,CR,9912.41,UPI/ygsvlrzipbgf@paytm
28/10/2022,934709,984.66,DR,8927.75,UPI/35k0gnifmt06@axl/P2M/2invtw1r@paytm/Amazon
28/10/2022,,1169.68,DR,7758.07,UPI/xkx5i00d9313@okhdfc/P2M/l701unmq@oksbi/BigBazaar
28/10/2022,,1038.94,DR,6719.13,UPI/lq541lpmhk1x@ybl/P2M/z62tzvog@ptbsi/Flipkart
28/10/2022,350474,1460.46,DR,5258.67,UPI/o7qab5qt9gz4@oksbi/P2M/f3s44a7s@ptbyl/Edara
28/10/2022,276213,1136.17,DR,4122.5,UPI/ln2swms22csl@axl/P2M/l0pk70g9@paytm/Edara
27/10/2022,,612.03,DR,3510.47,UPI/m354e0a1mizs@axl/P2M/iukqny2w@oksbi/Chala
27/10/2022,,46.71,DR,3463.76,UPI/fpqf09h8tsly@okhdfc/P2M/evu1vfas@ptbsi/AxisBank
27/10/2022,421762,392.65,CR,3856.41,UPI/n5x6i3d3hp4q@axl
27/10/2022,255296,29.93,DR,3826.48,UPI/tsa9ndudy580@oksbi/P2M/s51isctv@ptbsi/Edara
27/10/2022,115847,917.74,DR,2908.74,UPI/adw27q8qdexu@oksbi/P2M/l04gv75o@paytm/VENNA
27/10/2022,,1271.47,DR,1637.27,UPI/a9s8tiqbvxa8@oksbi/P2M/ok99fqdr@ptbsi/AxisBank
27/10/2022,888750,934.02,DR,703.25,UPI/5sinkmhehahh@okhdfc/P2M/e3jtuhjr@paytm/Chala
27/10/2022,,387.03,DR,316.22,UPI/e82roz6jomx1@okhdfc/P2M/o67ouzco@oksbi/AxisBank
27/10/2022,,91.37,DR,224.85,UPI/2wzpwch10noa@paytm/P2M/4inwiva3@ptbsi/Airtel
27/10/2022,,43.39,DR,181.46,UPI/1kbaejrxur0p@okaxis/P2M/ka79koff@ptbsi/Edara
26/10/2022,,104.04,DR,77.42,UPI/eza3o4mzku56@ybl/P2M/zvopl58v@ptbsi/Amazon
26/10/2022,,4460.78,CR,4538.2,UPI/4kdxsea8fmre@paytm
26/10/2022,316563,978.54,CR,5516.74,UPI/kl5dctwohb0j@oksbi
26/10/2022,823262,281.19,DR,5235.55,UPI/1i3g9nnk1tvl@axl/P2M/ldytcm8b@ptbsi/Edara
26/10/2022,660711,404.58,DR,4830.97,UPI/h6ngylwkrsj3@ybl/P2M/4ll6ykyz@oksbi/Amazon
26/10/2022,,947.52,DR,3883.45,UPI/tru3z8kt7fj2@axl/P2M/3hnakwvj@paytm/Airtel
26/10/2022,,206.14,CR,4089.59,UPI/3y4j9susrp4e@paytm
26/10/2022,133413,372.34,DR,3717.25,UPI/gjicwt58iqr1@paytm/P2M/2t63nooi@ptbsi/Edara
26/10/2022,547282,15.96,DR,3701.29,UPI/k1q5fpeznj8j@okaxis/P2M/djb49oid@oksbi/Chala
25/10/2022,,556.6,DR,3144.69,UPI/szhu21is0czu@okhdfc/P2M/noj24a4z@ptbsi/Amazon
25/10/2022,504682,1371.47,DR,1773.22,UPI/hsktoeoh5oeg@axl/P2M/ijlf297g@ptbsi/Edara
25/10/2022,,1300.26,DR,472.96,UPI/t7jt2bikkght@paytm/P2M/oyuv86na@ptbsi/Amazon
25/10/2022,,3682.53,CR,4155.49,UPI/f52x6czomfkr@axl
25/10/2022,,34.22,DR,4121.27,UPI/lfmo0ht4ayeb@ybl/P2M/ar0j6sd0@ptbsi/Airtel
25/10/2022,,498.55,DR,3622.72,UPI/smxp5ebf3oze@okhdfc/P2M/l01mfit2@oksbi/AxisBank
25/10/2022,969310,820.29,DR,2802.43,UPI/psf2kpa4r1dk@ybl/P2M/glyz1x83@ptbyl/Flipkart
25/10/2022,,813.1,DR,1989.33,UPI/r0fu1o4n9shg@axl/P2M/2l8h14xm@ptbsi/Amazon
25/10/2022,999789,763.68,DR,1225.65,UPI/hur98ktq31w3@paytm/P2M/o2uhp2ht@ptbsi/VENNA
25/10/2022,882410,2589.78,CR,3815.43,UPI/29prn1sobh5j@okaxis
25/10/2022,302916,647.96,DR,3167.47,UPI/oba53mfk2s4c@okhdfc/P2M/4gst5dgs@ptbsi/Chala
25/10/2022,557656,813.64,DR,2353.83,UPI/wrln5o5wt90y@paytm/P2M/r7ng0oox@ptbyl/Flipkart
25/10/2022,,338.55,CR,2692.38,UPI/41mqo3c60g7v@axl
24/10/2022,,1143.2,DR,1549.18,UPI/mt7yugj6skol@okaxis/P2M/16l4t00h@paytm/VENNA
24/10/2022,,370.37,CR,1919.55,UPI/29y12sr6y7jq@oksbi
24/10/2022,495333,391.69,DR,1527.86,UPI/g4hibunlcvxo@okaxis/P2M/6npo3g4h@oksbi/Amazon
24/10/2022,176647,445.76,DR,1082.1,UPI/wafblcv9f9un@oksbi/P2M/qx8smej6@ptbyl/AxisBank
24/10/2022,,354.78,DR,727.32,UPI/xy5oswnfuhlh@axl/P2M/0j34uhii@ptbsi/Amazon
24/10/2022,359322,68.69,DR,658.63,UPI/00mxt8zhb2f9@okaxis/P2M/x54hcelc@ptbsi/Amazon
24/10/2022,,78.49,DR,580.14,UPI/u1s4ylhfxt4b@paytm/P2M/qmid8ul4@paytm/Chala
24/10/2022,,480.76,DR,99.38,UPI/pz3icxi1fil9@paytm/P2M/13pb7nnv@ptbsi/Flipkart
23/10/2022,107918,3700.65,CR,3800.03,UPI/1qwop517tem7@paytm
23/10/2022,,1385.82,DR,2414.21,UPI/4powrd7ztqij@okhdfc/P2M/l6t24oae@ptbyl/Paytm
23/10/2022,290671,1166.9,DR,1247.31,UPI/8cuslahsbhon@oksbi/P2M/y3nwa7hw@paytm/BigBazaar
23/10/2022,,152.92,DR,1094.39,UPI/x5exciobooy8@okhdfc/P2M/uofyqabn@paytm/Airtel
23/10/2022,533494,621.76,DR,472.63,UPI/5bcuc9a1lax8@okaxis/P2M/jad4buyd@ptbyl/Amazon
23/10/2022,,335.92,DR,136.71,UPI/50so8jtg88c5@ybl/P2M/btw6ecje@oksbi/AxisBank
23/10/2022,,59.53,DR,77.18,UPI/ncsrzemrxryr@okaxis/P2M/ggui9gp7@ptbyl/Flipkart
22/10/2022,472496,3362.29,CR,3439.47,UPI/xk1nsbdhtpar@okhdfc
22/10/2022,,216.71,DR,3222.76,UPI/wwa2ov7o255q@okaxis/P2M/qh5ui22f@paytm/Chala
22/10/2022,,181.17,DR,3041.59,UPI/vzyc8rk2jc9z@paytm/P2M/mpxslr2q@ptbsi/Chala
22/10/2022,,142.87,CR,3184.46,UPI/nzngn6o3lnw8@ybl
22/10/2022,,1256.85,DR,1927.61,UPI/6oupca4cjo01@okaxis/P2M/syj3h4g6@ptbsi/Paytm
22/10/2022,,877.12,DR,1050.49,UPI/y0ffl0z0nf1t@okhdfc/P2M/zxjgwlzz@paytm/Airtel
22/10/2022,164984,2866.38,CR,3916.87,UPI/q21zh2w26z6j@axl
22/10/2022,,1150.86,DR,2766.01,UPI/hqti2o7hbiiy@ybl/P2M/vx146xti@ptbyl/Airtel
22/10/2022,,184.76,DR,2581.25,UPI/o5vbc3uoduso@okaxis/P2M/zzvoeh55@ptbsi/Chala
22/10/2022,,4308.31,CR,6889.56,UPI/a5kwjildomw3@oksbi
22/10/2022,208207,369.36,DR,6520.2,UPI/vber7kholqya@okaxis/P2M/k7lyj15q@ptbyl/BigBazaar
22/10/2022,,4284.67,CR,10804.87,UPI/uunyxcdlc16z@axl
22/10/2022,,1494.94,DR,9309.93,UPI/0w5u3jb5acnz@okaxis/P2M/agv2eh5l@oksbi/Chala
21/10/2022,,308.24,DR,9001.69,UPI/4f6zlzkl1qyw@paytm/P2M/7mvjnwas@ptbsi/Paytm
21/10/2022,818949,861.32,DR,8140.37,UPI/bkyvoms0f8gz@okhdfc/P2M/i2kia8is@ptbyl/BigBazaar
21/10/2022,,1329.28,DR,6811.09,UPI/m4iypp55krn1@ybl/P2M/8aglon1y@ptbsi/BigBazaar
21/10/2022,,1393.89,DR,5417.2,UPI/im0wh4arcmqn@okhdfc/P2M/wju1dlmu@ptbsi/AxisBank
21/10/2022,139150,663.4,DR,4753.8,UPI/lam2ga2enl60@paytm/P2M/ggsf9s00@oksbi/Flipkart
21/10/2022,,1993.92,CR,6747.72,UPI/uh84vi5wj32v@paytm
21/10/2022,,854.72,DR,5893.0,UPI/p1v3zqdnvsfj@ybl/P2M/mu9i7ho8@ptbyl/AxisBank
21/10/2022,134530,4596.3,CR,10489.3,UPI/czy5a5tz14ek@ybl
21/10/2022,,585.92,CR,11075.22,UPI/moa5u5lwgb9p@oksbi
21/10/2022,,1458.16,DR,9617.06,UPI/2njhuebgzuug@paytm/P2M/1izq43th@oksbi/AxisBank
21/10/2022,247468,69.4,DR,9547.66,UPI/cexdsqy3u44q@axl/P2M/vkarmvfb@ptbsi/Airtel
21/10/2022,,95.08,DR,9452.58,UPI/6fpjbrvvmobp@oksbi/P2M/d22vzq3f@ptbyl/Airtel
21/10/2022,637753,380.49,DR,9072.09,UPI/w7gpwp2w9367@oksbi/P2M/8cj2v5ut@ptbyl/Amazon
20/10/2022,,1343.96,DR,7728.13,UPI/la34an67sfsm@oksbi/P2M/qv201jlm@ptbsi/VENNA
20/10/2022,,393.82,DR,7334.31,UPI/qbgdpa39whe2@okaxis/P2M/1dxyya60@ptbsi/Edara
20/10/2022,689888,1242.12,DR,6092.19,UPI/r0ch44ii5wyd@okhdfc/P2M/0jxtsxy1@ptbsi/Flipkart
20/10/2022,482715,845.21,DR,5246.98,UPI/esjugq056bpw@ybl/P2M/s8th716k@ptbsi/Paytm
20/10/2022,254817,1233.51,DR,4013.47,UPI/mp0m10zexm0q@paytm/P2M/74f2bi21@paytm/VENNA
20/10/2022,,1055.16,DR,2958.31,UPI/g6te2sdy59ex@oksbi/P2M/zrulb6ut@ptbyl/AxisBank
20/10/2022,,525.57,DR,2432.74,UPI/x18ocbyb7e9o@ybl/P2M/e9ce3oz8@ptbsi/VENNA
20/10/2022,211506,699.6,DR,1733.14,UPI/1vhetxofscmt@okaxis/P2M/40kimo7k@ptbyl/Flipkart
20/10/2022,275365,1481.68,DR,251.46,UPI/0jyrpw0ik1yh@ybl/P2M/k3k0byr1@oksbi/BigBazaar
19/10/2022,588850,37.9,DR,213.56,UPI/r0739d2fdtkp@oksbi/P2M/dkr3cwdc@ptbyl/Chala
19/10/2022,,108.06,DR,105.5,UPI/hgxkx76hh6pp@paytm/P2M/l2arwck6@paytm/Edara
19/10/2022,733853,4973.74,CR,5079.24,UPI/e16au9wgpkg4@okaxis
19/10/2022,481440,707.49,CR,5786.73,UPI/zjx16g9huzi7@axl
19/10/2022,,1127.11,DR,4659.62,UPI/xc7kd3ea9fm6@ybl/P2M/8cpjhypg@paytm/Chala
19/10/2022,,82.1,DR,4577.52,UPI/iqa6w0pafcr3@okhdfc/P2M/vsigf8pz@oksbi/BigBazaar
19/10/2022,966272,917.96,DR,3659.56,UPI/qcp6u9bg2ehv@oksbi/P2M/5dkzqltp@paytm/Paytm
19/10/2022,401876,1386.48,DR,2273.08,UPI/uva1ah1aygmz@okaxis/P2M/sa7itnrz@ptbsi/AxisBank
19/10/2022,,123.04,DR,2150.04,UPI/2euglph64rng@okhdfc/P2M/3lcue6pn@ptbsi/Chala
18/10/2022,874666,1046.16,DR,1103.88,UPI/22nfv4adnxtc@paytm/P2M/39sz5aw4@paytm/BigBazaar
18/10/2022,,1550.49,CR,2654.37,UPI/mpc3dm2pmrea@oksbi
18/10/2022,395175,1229.56,DR,1424.81,UPI/o9tz8jjpcyih@okaxis/P2M/smtxsh69@ptbsi/VENNA
18/10/2022,520025,1183.17,DR,241.64,UPI/80mk7amhhmvr@paytm/P2M/mxzn4cgr@ptbyl/Paytm
18/10/2022,613401,2393.6,CR,2635.24,UPI/554uo2thtntw@okaxis
18/10/2022,616110,1092.16,DR,1543.08,UPI/oriqyr9lq3rx@oksbi/P2M/7ayamqif@ptbsi/Paytm
18/10/2022,383926,1305.2,DR,237.88,UPI/9ff41odxelgr@okaxis/P2M/57of3fd7@oksbi/BigBazaar
18/10/2022,899640,3248.49,CR,3486.37,UPI/3s3uazktu2rp@okaxis
18/10/2022,,965.4,DR,2520.97,UPI/kmo0djg36t21@okaxis/P2M/6whxc3xj@oksbi/BigBazaar
18/10/2022,,710.95,DR,1810.02,UPI/1fqc5hprvz1j@oksbi/P2M/cex38hin@ptbyl/Chala
17/10/2022,878581,1105.15,DR,704.87,UPI/ogepk24fky5z@axl/P2M/btxsryvd@oksbi/VENNA
17/10/2022,667235,215.96,DR,488.91,UPI/4tilsfn84y2c@oksbi/P2M/cx45a9of@ptbyl/VENNA
17/10/2022,,2185.01,CR,2673.92,UPI/x6u7knhtps5t@paytm
17/10/2022,,788.88,DR,1885.04,UPI/dsaxqto9z7eo@ybl/P2M/c0obxwib@ptbyl/Chala
17/10/2022,,1385.98,DR,499.06,UPI/sipowz2jnhhj@paytm/P2M/8n4n11eh@oksbi/Paytm
17/10/2022,452313,4489.25,CR,4988.31,UPI/acexuj4unlne@axl
17/10/2022,,862.04,DR,4126.27,UPI/4nsbhtbqljmy@ybl/P2M/e2ioz5kq@oksbi/Airtel
17/10/2022,382539,565.23,DR,3561.04,UPI/6jtvwyo6wg9t@ybl/P2M/kj8z50mr@ptbyl/Amazon
17/10/2022,,299.88,CR,3860.92,UPI/wcy5dwhztnw0@okhdfc
17/10/2022,,691.81,DR,3169.11,UPI/qrwtut3kcyaj@okhdfc/P2M/95htkclt@paytm/Flipkart
17/10/2022,,994.39,DR,2174.72,UPI/4cutp3czlpk1@oksbi/P2M/et315fsh@paytm/VENNA
17/10/2022,,394.45,DR,1780.27,UPI/uinmgzsc49hx@paytm/P2M/mbz34e56@ptbyl/Airtel
17/10/2022,,319.1,DR,1461.17,UPI/cfejwxpbh3vx@ybl/P2M/pg8mimxj@paytm/Paytm
16/10/2022,420702,251.98,DR,1209.19,UPI/xiytsj0x4ofy@paytm/P2M/cke27u45@ptbyl/VENNA
16/10/2022,210842,236.58,DR,972.61,UPI/5joobmnzd46d@axl/P2M/52eldm82@paytm/Airtel
16/10/2022,,458.14,DR,514.47,UPI/q82lggi9teeo@paytm/P2M/jqoxdxny@oksbi/Edara
16/10/2022,361734,954.42,CR,1468.89,UPI/652kcysv9kbh@oksbi
16/10/2022,,1177.12,DR,291.77,UPI/f0jyld0gouoa@oksbi/P2M/oh1h32x7@ptbsi/Edara
16/10/2022,,57.53,DR,234.24,UPI/jp8f5tm13pj3@okaxis/P2M/97bc4kpi@ptbyl/Chala
16/10/2022,,53.81,DR,180.43,UPI/h9uq60ddldjo@okhdfc/P2M/r6rxua6x@paytm/Amazon
16/10/2022,,698.47,CR,878.9,UPI/ypibq5y92d0v@ybl
16/10/2022,,749.55,DR,129.35,UPI/xol1eaygsd47@axl/P2M/jvf0wph1@ptbsi/BigBazaar
15/10/2022,680615,2541.8,CR,2671.15,UPI/4xhggzm7sbge@okaxis
15/10/2022,,451.34,DR,2219.81,UPI/zgv7g03g3t2m@axl/P2M/bfvxi20h@paytm/VENNA
15/10/2022,,415.21,DR,1804.6,UPI/bxruvsjvjxv0@okhdfc/P2M/pt4g1jjc@paytm/VENNA
15/10/2022,693834,1392.26,DR,412.34,UPI/ph5lcllqhu5c@okaxis/P2M/d4pz2rxc@oksbi/Amazon
15/10/2022,,2493.24,CR,2905.58,UPI/k3e3qmz9je73@axl
15/10/2022,,1167.8,DR,1737.78,UPI/pdnykfilgwom@axl/P2M/23wfnx63@ptbsi/Edara
15/10/2022,,544.9,DR,1192.88,UPI/57mh9bjsjhyw@paytm/P2M/axaxudsn@ptbyl/Edara
15/10/2022,,156.53,DR,1036.35,UPI/r0qtqe0xqxtj@paytm/P2M/mwvp2u7i@ptbyl/Paytm
15/10/2022,747369,195.96,DR,840.39,UPI/jsxkn2cg2yk2@okhdfc/P2M/c5qmnqi5@oksbi/Amazon
15/10/2022,,4789.1,CR,5629.49,UPI/tfgknx4lcmwu@okhdfc
14/10/2022,,491.59,DR,5137.9,UPI/lwgsokzvv1bz@ybl/P2M/d6tfj71q@paytm/Flipkart
14/10/2022,448119,991.78,DR,4146.12,UPI/2l84oeob9u3d@okaxis/P2M/zmugkohp@paytm/Airtel
14/10/2022,,637.24,DR,3508.88,UPI/pdr2mld6tle8@ybl/P2M/1ejbu8bb@ptbyl/Amazon
14/10/2022,,145.08,DR,3363.8,UPI/suvdslgartmm@oksbi/P2M/awrhel12@ptbyl/AxisBank
14/10/2022,,262.79,DR,3101.01,UPI/7evx0kzpw2qj@okaxis/P2M/6s95wily@paytm/AxisBank
14/10/2022,,1462.42,DR,1638.59,UPI/4nnpozhmmtga@okaxis/P2M/ldduig88@ptbyl/Chala
14/10/2022,,467.92,DR,1170.67,UPI/m40pxwyi0w5v@ybl/P2M/y1kuxgv5@ptbsi/Chala
14/10/2022,808704,464.25,CR,1634.92,UPI/kyxzms325gy7@paytm
14/10/2022,,191.36,DR,1443.56,UPI/9dhml0vve0bg@paytm/P2M/csqzj8f9@ptbyl/VENNA
14/10/2022,,217.59,DR,1225.97,UPI/gflfdiyx376g@okhdfc/P2M/nrkr60q5@ptbyl/Amazon
14/10/2022,,529.12,DR,696.85,UPI/xw6t5mvpy4y2@oksbi/P2M/faqzypg6@ptbyl/Amazon
14/10/2022,137294,221.94,DR,474.91,UPI/uc481cud2kem@okaxis/P2M/sa722udn@ptbyl/AxisBank
13/10/2022,,1555.99,CR,2030.9,UPI/vjgt5bzzdvue@ybl
13/10/2022,757763,931.43,DR,1099.47,UPI/w0tfbqiik5nu@okhdfc/P2M/79youyvc@ptbyl/Amazon
13/10/2022,173934,571.93,DR,527.54,UPI/qbr63xmaa84b@okaxis/P2M/jn1wqj6j@ptbsi/Chala
13/10/2022,,480.01,DR,47.53,UPI/2p4sbwrukcdk@okaxis/P2M/c1lyrqcj@ptbsi/Paytm
13/10/2022,202254,332.45,CR,379.98,UPI/mxyi9soh0vk7@axl
13/10/2022,,181.28,DR,198.7,UPI/veejd7weij5r@axl/P2M/3dxeav3s@paytm/Edara
12/10/2022,,2770.91,CR,2969.61,UPI/m59ru11vzg1w@okaxis
12/10/2022,,500.93,DR,2468.68,UPI/6ilboas0tx00@oksbi/P2M/8bkj3dne@ptbyl/BigBazaar
12/10/2022,,1285.92,CR,3754.6,UPI/onqqgx0k7sja@okaxis
12/10/2022,,4100.09,CR,7854.69,UPI/wopyi61qlfqe@okaxis
12/10/2022,530139,3835.78,CR,11690.47,UPI/576t31wnv0fq@okaxis
12/10/2022,408608,302.98,DR,11387.49,UPI/q0aqgo70w9ek@okhdfc/P2M/6bu3qxqy@paytm/Amazon
12/10/2022,484202,1311.74,DR,10075.75,UPI/8ltn2xrreszl@oksbi/P2M/dcl0hr56@oksbi/BigBazaar
12/10/2022,,819.83,DR,9255.92,UPI/jbv2n8l9qzq0@paytm/P2M/dm7wp6yj@ptbsi/Edara
12/10/2022,,1095.59,DR,8160.33,UPI/uzfu0aw70zp6@oksbi/P2M/fw3abasf@ptbsi/Flipkart
11/10/2022,945941,1132.73,CR,9293.06,UPI/6fabsr6lsnob@okaxis
11/10/2022,,503.78,DR,8789.28,UPI/mli19tjlus4h@oksbi/P2M/rfb7bu2m@paytm/Amazon
11/10/2022,,1550.58,CR,10339.86,UPI/tol25bu174cj@ybl
11/10/2022,,1493.82,DR,8846.04,UPI/lcf0lv3e96yk@okaxis/P2M/9kybajg8@paytm/VENNA
11/10/2022,319946,4901.83,CR,13747.87,UPI/n6vhpsaaoo19@okhdfc
11/10/2022,510505,445.45,DR,13302.42,UPI/6z66j18xd1ji@ybl/P2M/k32xbcvh@paytm/Chala
11/10/2022,876678,433.86,DR,12868.56,UPI/cp52lwc1rmhj@oksbi/P2M/73uneh5m@oksbi/VENNA
11/10/2022,,1150.85,DR,11717.71,UPI/938r106ry9bn@paytm/P2M/c2h268e1@ptbyl/Chala
11/10/2022,,987.4,DR,10730.31,UPI/sentrsc28vep@ybl/P2M/tcgp5bxm@ptbyl/AxisBank
11/10/2022,,1011.29,DR,9719.02,UPI/qf6wh88irkhe@oksbi/P2M/u5bmplw1@ptbsi/Paytm
11/10/2022,,1128.9,DR,8590.12,UPI/lsfl3wyb3byw@okhdfc/P2M/5zzpqaj6@ptbsi/AxisBank
11/10/2022,,854.88,CR,9445.0,UPI/b9wuw57hghsc@okaxis
11/10/2022,952316,1140.42,DR,8304.58,UPI/rzhkp1w38yva@ybl/P2M/m0aqg3hp@oksbi/Flipkart
10/10/2022,,993.86,DR,7310.72,UPI/np7athtnmxtk@paytm/P2M/fls6ckrl@ptbyl/Flipkart
10/10/2022,,1467.17,DR,5843.55,UPI/vnac7nxybmx6@ybl/P2M/s5kl1ri4@paytm/Paytm
10/10/2022,,612.5,DR,5231.05,UPI/u12r7ed9nwks@oksbi/P2M/cstdwtov@ptbsi/Edara
10/10/2022,,1399.57,DR,3831.48,UPI/qdvcb7z5ru7h@paytm/P2M/pa325c6r@paytm/BigBazaar
10/10/2022,,709.7,DR,3121.78,UPI/0oc5b6xjriql@oksbi/P2M/ffk1dekt@ptbsi/Paytm
10/10/2022,,330.78,DR,2791.0,UPI/mjwd7950vvix@axl/P2M/7xtdniwg@ptbsi/AxisBank
10/10/2022,293191,912.28,DR,1878.72,UPI/isck4uqasag0@oksbi/P2M/flgprua6@ptbsi/Flipkart
10/10/2022,,607.97,DR,1270.75,UPI/stqcbjhwcajp@axl/P2M/hh09ove1@ptbsi/Flipkart
10/10/2022,,124.07,DR,1146.68,UPI/ouluc3jbd2yt@axl/P2M/cpxnvkbt@oksbi/Paytm
10/10/2022,,391.41,DR,755.27,UPI/z88aq7aah0u7@axl/P2M/ttldj20t@paytm/Airtel
09/10/2022,,41.88,DR,713.39,UPI/hph5dzetchzr@axl/P2M/dp87302j@paytm/Flipkart
09/10/2022,645644,2890.6,CR,3603.99,UPI/dbpv9y37izzs@ybl
09/10/2022,339640,2865.5,CR,6469.49,UPI/6bdxlnl9bye2@paytm
09/10/2022,668060,560.37,DR,5909.12,UPI/ygv7s9usrixn@okhdfc/P2M/dr74o0fw@oksbi/Paytm
09/10/2022,,1108.0,DR,4801.12,UPI/opaqmpd0q6c5@axl/P2M/49z859yv@ptbsi/Edara
09/10/2022,289828,887.29,DR,3913.83,UPI/aoy0pnp673zf@okaxis/P2M/6hcu2hm4@oksbi/AxisBank
09/10/2022,759198,1043.64,DR,2870.19,UPI/11holmtl7drz@okhdfc/P2M/hkxeijoo@oksbi/Chala
09/10/2022,,173.89,DR,2696.3,UPI/6gozys7849ie@okhdfc/P2M/i1t83mb0@oksbi/AxisBank
09/10/2022,444300,509.31,CR,3205.61,UPI/g23b7ljhufl8@paytm
09/10/2022,,792.3,DR,2413.31,UPI/isxgy936e207@oksbi/P2M/5h32qeoh@oksbi/Amazon
09/10/2022,,1344.11,DR,1069.2,UPI/d6jwifypucl9@okhdfc/P2M/v9yjy0jz@ptbsi/Paytm
09/10/2022,963090,506.16,DR,563.04,UPI/uek5iiegdvn2@okhdfc/P2M/61jjj757@ptbsi/BigBazaar
09/10/2022,,3648.28,CR,4211.32,UPI/2rlr5u7pvlm6@oksbi
08/10/2022,,453.83,DR,3757.49,UPI/0vh84www6kf6@oksbi/P2M/49ewvadd@ptbsi/Paytm
08/10/2022,626900,1002.62,CR,4760.11,UPI/q6ie19uxs2ac@oksbi
08/10/2022,413338,1410.4,DR,3349.71,UPI/cc7d4hc9h7a5@oksbi/P2M/icrg1xch@ptbyl/Edara
08/10/2022,,924.28,DR,2425.43,UPI/6o3cxwonu6w0@okaxis/P2M/udd28a65@oksbi/Flipkart
08/10/2022,,3034.14,CR,5459.57,UPI/ex6ovfj39wyu@oksbi
08/10/2022,,973.71,DR,4485.86,UPI/mzk5czaq7hiu@okaxis/P2M/vrs2rbhd@ptbsi/Flipkart
08/10/2022,,1233.55,DR,3252.31,UPI/yml76tcjszg2@oksbi/P2M/q8nntafo@ptbyl/AxisBank
08/10/2022,170292,189.02,DR,3063.29,UPI/2769loxzuy5l@oksbi/P2M/ic46fhb3@paytm/VENNA
08/10/2022,987951,1066.83,DR,1996.46,UPI/1s4flqlrc1e7@paytm/P2M/zbh5lasj@ptbsi/Paytm
08/10/2022,,2440.99,CR,4437.45,UPI/mdf0nguddnzl@ybl
08/10/2022,,1366.27,DR,3071.18,UPI/o6bksu4ndupm@oksbi/P2M/g75a1gqr@paytm/Amazon
08/10/2022,546437,25.44,DR,3045.74,UPI/tkkr4q8nrcdk@axl/P2M/2vzplgh1@ptbsi/VENNA
08/10/2022,331313,1703.31,CR,4749.05,UPI/cizzjaa8rk0n@ybl
07/10/2022,,530.04,DR,4219.01,UPI/8thr824qpbl3@okhdfc/P2M/i2lfvups@ptbyl/Airtel
07/10/2022,,661.7,DR,3557.31,UPI/bkjw3c488tuu@okhdfc/P2M/ci251j73@ptbsi/Amazon
07/10/2022,949265,675.12,DR,2882.19,UPI/f8gwoeisaszv@ybl/P2M/g3xpuine@ptbsi/Flipkart
07/10/2022,,1195.55,DR,1686.64,UPI/zzmzgzpd4uvl@oksbi/P2M/2a38u01x@ptbyl/BigBazaar
07/10/2022,,1067.31,DR,619.33,UPI/msrpw6qcx7lv@paytm/P2M/953lfiz6@paytm/Amazon
07/10/2022,,503.27,CR,1122.6,UPI/tlfsjsl3kyrm@paytm
07/10/2022,891947,968.2,DR,154.4,UPI/1zk5kcmfnkht@paytm/P2M/f71i902d@oksbi/VENNA
07/10/2022,,3299.65,CR,3454.05,UPI/9g3g2hut9j7a@okaxis
07/10/2022,,1451.56,DR,2002.49,UPI/6zl0tgzang37@axl/P2M/zu040p7h@ptbyl/Chala
07/10/2022,,659.19,DR,1343.3,UPI/td3yggkpjqt8@okhdfc/P2M/xbbsq4ij@paytm/Amazon
07/10/2022,,851.01,DR,492.29,UPI/fqpsj9gnvp45@oksbi/P2M/c1hwwwwn@ptbyl/Chala
06/10/2022,,699.36,CR,1191.65,UPI/ybifchvezb4s@okaxis
06/10/2022,,383.96,DR,807.69,UPI/pn1z90k7w5xs@oksbi/P2M/oa8nko58@ptbsi/Airtel
06/10/2022,,613.93,DR,193.76,UPI/8acg9sdkvn3x@okhdfc/P2M/683uielv@ptbsi/Paytm
06/10/2022,,2470.41,CR,2664.17,UPI/eq7at1fipswg@okhdfc
06/10/2022,,1271.4,DR,1392.77,UPI/2e9tmtqivux3@oksbi/P2M/wj05wfej@paytm/Airtel
06/10/2022,,1322.6,DR,70.17,UPI/njif01b63wge@ybl/P2M/zbzdaxdn@ptbyl/Edara
05/10/2022,438766,3532.25,CR,3602.42,UPI/ewq1sjtfetkn@paytm
05/10/2022,541654,1426.78,CR,5029.2,UPI/ssn0hcle6ik9@axl
05/10/2022,,1661.68,CR,6690.88,UPI/y0u84tmcix5f@okhdfc
05/10/2022,,57.45,DR,6633.43,UPI/y7g9ti2rg5pf@axl/P2M/vyat5l4s@ptbsi/Amazon
05/10/2022,477210,642.05,DR,5991.38,UPI/0pp2otd8e0rg@paytm/P2M/3fjnb6i2@oksbi/Paytm
05/10/2022,327668,77.57,DR,5913.81,UPI/yea0df40fw4s@oksbi/P2M/h9m06f6k@oksbi/Edara
05/10/2022,,362.77,DR,5551.04,UPI/m6a33cmn9qjb@okhdfc/P2M/ed670jbw@ptbsi/AxisBank
05/10/2022,,179.22,CR,5730.26,UPI/zs3ynqyxb4cm@oksbi
04/10/2022,,1021.14,DR,4709.12,UPI/qtnhi2vktq95@okhdfc/P2M/lmlnoddc@oksbi/Airtel
04/10/2022,,687.81,DR,4021.31,UPI/l1cpd8nmzw86@okhdfc/P2M/o9kb9049@ptbsi/VENNA
04/10/2022,,267.08,DR,3754.23,UPI/7tkc86bap3s4@okaxis/P2M/qo6uw6al@ptbyl/Flipkart
04/10/2022,529720,1149.45,DR,2604.78,UPI/tph9zouypnd3@ybl/P2M/7t5vv4j9@paytm/AxisBank
04/10/2022,,355.22,DR,2249.56,UPI/4pzniihvui25@paytm/P2M/8lkj28jm@paytm/Paytm
04/10/2022,,735.98,DR,1513.58,UPI/ytp4o2zgu0gb@paytm/P2M/c5tzmvj4@oksbi/Chala
04/10/2022,574582,650.59,DR,862.99,UPI/nbih5nq0qjzn@ybl/P2M/9ih8hbh4@ptbyl/Paytm
04/10/2022,176066,87.02,DR,775.97,UPI/z0pgsq724312@okaxis/P2M/j5awyr1w@oksbi/AxisBank
04/10/2022,,53.95,DR,722.02,UPI/t2qknwt6f274@okaxis/P2M/lp732iku@ptbsi/Paytm
04/10/2022,,80.94,DR,641.08,UPI/hmiyyjkaurzh@oksbi/P2M/uh2z44bi@ptbyl/Airtel
04/10/2022,,364.32,DR,276.76,UPI/4uha551y2q75@okaxis/P2M/yiq7ap8r@oksbi/VENNA
03/10/2022,248304,63.12,DR,213.64,UPI/r1vj4v3wjmxf@axl/P2M/2a130o16@paytm/Amazon
03/10/2022,,3656.81,CR,3870.45,UPI/emnbnf7rd66w@okaxis
03/10/2022,,709.0,DR,3161.45,UPI/bzrqa28705id@ybl/P2M/4yalcvb8@oksbi/AxisBank
03/10/2022,,573.22,DR,2588.23,UPI/zv86md4nrq3j@ybl/P2M/mdhe48cb@ptbsi/BigBazaar
03/10/2022,427548,818.47,DR,1769.76,UPI/4o5cnurfq2qj@ybl/P2M/iidu3ibf@ptbyl/Flipkart
03/10/2022,,1180.04,DR,589.72,UPI/v331go0cghnk@ybl/P2M/axejwy7q@oksbi/VENNA
03/10/2022,,2881.36,CR,3471.08,UPI/u79tfhu28vew@okhdfc
02/10/2022,,786.22,DR,2684.86,UPI/d8rh0wd6cgg4@okaxis/P2M/x3wp762s@paytm/Paytm
02/10/2022,,406.45,DR,2278.41,UPI/nbusoa4xrez2@okaxis/P2M/nf24tbc8@paytm/Edara
02/10/2022,,1029.59,CR,3308.0,UPI/ftaeq52ab6az@ybl
02/10/2022,,1318.08,DR,1989.92,UPI/b6n0jxw7w0y1@okaxis/P2M/ghoxs463@oksbi/VENNA
02/10/2022,,1084.07,DR,905.85,UPI/f6230udmfqgg@axl/P2M/g3dar2oy@oksbi/Chala
02/10/2022,153862,220.78,DR,685.07,UPI/w4ihnvlejw5j@oksbi/P2M/82pch7li@oksbi/Chala
02/10/2022,,646.38,DR,38.69,UPI/g3rihwr45m8n@axl/P2M/je2w0wc4@ptbsi/BigBazaar
02/10/2022,,2214.6,CR,2253.29,UPI/fzmrts2v8tvu@okaxis
02/10/2022,,1370.25,DR,883.04,UPI/6yjcdw6yk59n@okaxis/P2M/kzefti1t@oksbi/AxisBank
01/10/2022,,3191.91,CR,4074.95,UPI/9ex8k16eapqx@okhdfc
01/10/2022,,528.44,DR,3546.51,UPI/mhzdr0ayjy8j@oksbi/P2M/j9rp1os2@oksbi/Airtel
01/10/2022,,2368.26,CR,5914.77,UPI/9zkj1kp2kqgu@axl
01/10/2022,,720.51,DR,5194.26,UPI/d8nsq123zndh@ybl/P2M/ygug4vbd@oksbi/BigBazaar
01/10/2022,224484,61.76,DR,5132.5,UPI/bqdg1280lass@ybl/P2M/0lqablv8@paytm/Amazon
01/10/2022,305982,177.38,DR,4955.12,UPI/9zao8epxr6x3@axl/P2M/0wfn3p3i@paytm/AxisBank
01/10/2022,,3122.4,CR,8077.52,UPI/zost35w029xz@okaxis
01/10/2022,805774,105.93,DR,7971.59,UPI/adr5mfp8h3m5@okaxis/P2M/rmngacvt@oksbi/VENNA
01/10/2022,962295,1265.72,DR,6705.87,UPI/60glsx5bn7p0@axl/P2M/z8vgddmz@ptbsi/Amazon
01/10/2022,,579.74,DR,6126.13,UPI/w8tvl10bkiyu@ybl/P2M/umb4oy0a@ptbsi/BigBazaar
01/10/2022,199755,125.57,DR,6000.56,UPI/b9rpfz7mqomm@axl/P2M/xqimc7mh@ptbsi/Amazon
01/10/2022,,669.16,DR,5331.4,UPI/psok1fndwgdg@oksbi/P2M/p3owis4g@ptbyl/VENNA
30/09/2022,,12.55,DR,5318.85,UPI/tpd06orhbpkd@okhdfc/P2M/6rnw3sb4@oksbi/Chala
30/09/2022,,1410.14,DR,3908.71,UPI/8bjpxndswqqo@okaxis/P2M/il4r3biq@ptbyl/Airtel
30/09/2022,,653.87,DR,3254.84,UPI/99kwzfur4x1l@okhdfc/P2M/4scla2b9@oksbi/AxisBank
30/09/2022,746865,1093.08,DR,2161.76,UPI/pp3kyf4piexo@okaxis/P2M/gphxwzix@paytm/BigBazaar
30/09/2022,717889,690.45,DR,1471.31,UPI/vrzhirshdhuf@oksbi/P2M/hzy8mq15@oksbi/Chala
30/09/2022,597024,705.02,DR,766.29,UPI/p7te9b9i27wo@ybl/P2M/djxu30em@ptbsi/Paytm
30/09/2022,844143,564.57,DR,201.72,UPI/l6t0tz98mj1v@okhdfc/P2M/lbzpa7db@paytm/Flipkart
30/09/2022,,2457.9,CR,2659.62,UPI/fm5jz0vcd1e9@paytm
30/09/2022,,576.32,DR,2083.3,UPI/hcm5jp1mn33t@paytm/P2M/ec6sy6g4@ptbyl/AxisBank
30/09/2022,191109,835.51,CR,2918.81,UPI/4238o4y9q50e@ybl
30/09/2022,909809,447.77,CR,3366.58,UPI/vdl1murnxfyz@ybl
30/09/2022,,178.18,DR,3188.4,UPI/fl5l9ipnqlix@axl/P2M/eqzabv5q@ptbsi/AxisBank
29/09/2022,,1466.7,DR,1721.7,UPI/o6le411twbvn@okaxis/P2M/fz8hsfsw@ptbyl/AxisBank
29/09/2022,856266,580.77,DR,1140.93,UPI/zumajj33n037@axl/P2M/fpubjbtl@ptbsi/VENNA
29/09/2022,902313,3755.06,CR,4895.99,UPI/y2ke4ppq5320@okhdfc
29/09/2022,,1293.86,DR,3602.13,UPI/tb6ol0jnyk3r@okaxis/P2M/fx7pbvke@ptbyl/Airtel
29/09/2022,545045,865.92,DR,2736.21,UPI/y8qskult99jl@ybl/P2M/3dyr67di@ptbyl/Amazon
29/09/2022,490096,944.76,DR,1791.45,UPI/n3u50my5xir9@oksbi/P2M/70fzz1fq@oksbi/Edara
29/09/2022,,602.14,DR,1189.31,UPI/ikfpk5xuylm4@okaxis/P2M/wkji6aub@ptbsi/Paytm
29/09/2022,,453.2,DR,736.11,UPI/o29f54lcmczn@paytm/P2M/hvwzs7hu@ptbyl/Chala
29/09/2022,,577.13,CR,1313.24,UPI/9y0guqtrd784@axl
29/09/2022,,1167.32,DR,145.92,UPI/glklxr7bmwjr@ybl/P2M/c0pttuls@ptbyl/Flipkart
28/09/2022,,4750.57,CR,4896.49,UPI/k9b5rh115hhc@okhdfc
28/09/2022,,3043.16,CR,7939.65,UPI/pscwau2j8jq9@okhdfc
28/09/2022,,1279.53,DR,6660.12,UPI/hz0bcf6u29i4@paytm/P2M/nmz9w9xf@ptbyl/Paytm
28/09/2022,,1196.24,DR,5463.88,UPI/dzmtanojal03@ybl/P2M/ibsjvpuf@ptbsi/Amazon
28/09/2022,,537.67,DR,4926.21,UPI/nser14fn04vu@ybl/P2M/740gq6sh@paytm/BigBazaar
28/09/2022,550516,513.13,DR,4413.08,UPI/ykjsl8y14stq@paytm/P2M/3p1k2056@ptbyl/VENNA
28/09/2022,,770.21,DR,3642.87,UPI/ax0h2szpz3zf@okaxis/P2M/i45ric58@ptbyl/VENNA
28/09/2022,,1326.76,DR,2316.11,UPI/1ugrq3w9lhov@axl/P2M/2fer9pac@oksbi/Edara
27/09/2022,,79.79,DR,2236.32,UPI/fg63t2u0xagg@okaxis/P2M/dasq79hb@ptbyl/VENNA
27/09/2022,576054,4367.02,CR,6603.34,UPI/mvr2ph2jeuss@axl
27/09/2022,503945,1402.46,DR,5200.88,UPI/8kvfy2b1i6md@axl/P2M/jp9hkia6@ptbsi/Paytm
27/09/2022,,142.32,CR,5343.2,UPI/1rwn5oiqpc7v@paytm
27/09/2022,446037,653.98,CR,5997.18,UPI/ytyth6g3oea4@axl
27/09/2022,,418.27,DR,5578.91,UPI/s1jnk36sb8jb@axl/P2M/4072zl8b@ptbyl/BigBazaar
27/09/2022,,1109.04,DR,4469.87,UPI/qskr975w0oev@okaxis/P2M/quc80nq0@paytm/BigBazaar
27/09/2022,,246.94,CR,4716.81,UPI/syvn680ili2r@oksbi
27/09/2022,452710,1242.95,DR,3473.86,UPI/nj5x5555i4zp@ybl/P2M/gry98x7v@ptbyl/Amazon
27/09/2022,,835.26,DR,2638.6,UPI/6kn1zm2rg2gq@okaxis/P2M/c7w89e05@ptbsi/BigBazaar
27/09/2022,,451.15,DR,2187.45,UPI/bvoii9dfy7o5@paytm/P2M/thi7kbww@paytm/Edara
27/09/2022,,1419.34,DR,768.11,UPI/roqkvbyf6zie@axl/P2M/1q6omp86@ptbyl/BigBazaar
26/09/2022,,583.51,DR,184.6,UPI/gzqalcxwb6jp@okhdfc/P2M/5p9jr8zk@oksbi/Amazon
26/09/2022,694859,2452.79,CR,2637.39,UPI/je0u9ta2kez0@paytm
26/09/2022,,1399.69,DR,1237.7,UPI/hgn7wjmhdj1u@paytm/P2M/f90az6s7@paytm/Paytm
26/09/2022,932231,3260.11,CR,4497.81,UPI/i0girzlj94xu@paytm
26/09/2022,,1017.61,DR,3480.2,UPI/misj2azjgapr@axl/P2M/opfjaj6j@ptbyl/Flipkart
26/09/2022,,1481.75,DR,1998.45,UPI/6iiqo4klqkj9@paytm/P2M/47o5rsll@oksbi/Chala
26/09/2022,,259.38,DR,1739.07,UPI/2dbkf6dendpa@okhdfc/P2M/fe2xf1aj@oksbi/Airtel
26/09/2022,500773,783.4,DR,955.67,UPI/7k9b3qtjb00p@paytm/P2M/41fhloit@ptbyl/AxisBank
26/09/2022,,2374.86,CR,3330.53,UPI/hsxh1c9j1uxb@axl
26/09/2022,,474.77,DR,2855.76,UPI/uiigig04sa6v@okhdfc/P2M/usrkbkwh@ptbyl/Amazon
25/09/2022,,680.0,DR,2175.76,UPI/h7qb24yg5n4n@paytm/P2M/svt2f2ek@ptbyl/BigBazaar
25/09/2022,,593.27,DR,1582.49,UPI/p5z9r0z9k1lt@ybl/P2M/dgcw5xk5@paytm/BigBazaar
25/09/2022,109731,986.67,DR,595.82,UPI/qms8c6ymgo38@oksbi/P2M/0q3oa9n0@ptbsi/AxisBank
25/09/2022,,422.32,DR,173.5,UPI/21uy2m9q9zil@okhdfc/P2M/lsti5sbv@paytm/Chala
25/09/2022,279599,211.75,CR,385.25,UPI/essyi1gybqez@ybl
25/09/2022,241499,40.58,DR,344.67,UPI/epm9s53uin5v@okhdfc/P2M/073ffa3g@ptbyl/BigBazaar
24/09/2022,,54.71,DR,289.96,UPI/aqhbdtvv4zgf@okaxis/P2M/judjams4@ptbsi/Paytm
24/09/2022,,1584.54,CR,1874.5,UPI/ugdxhlwfm9jv@paytm
24/09/2022,,237.3,DR,1637.2,UPI/bkct7esikfwt@axl/P2M/49k9yt7n@paytm/VENNA
24/09/2022,459584,756.33,DR,880.87,UPI/b9j8m1n53lh9@okhdfc/P2M/rmxkhdkh@paytm/AxisBank
23/09/2022,,221.91,DR,658.96,UPI/97gtrpkcl69q@axl/P2M/yheuibu8@oksbi/BigBazaar
23/09/2022,,573.81,DR,85.15,UPI/gnpo1qph5aur@okhdfc/P2M/42b9u4wa@ptbyl/BigBazaar
23/09/2022,,22.06,DR,63.09,UPI/z2730bw0056g@axl/P2M/ynachfgy@ptbyl/Amazon
22/09/2022,191960,4682.5,CR,4745.59,UPI/ddbwgl0j1xdb@okhdfc
22/09/2022,,261.42,DR,4484.17,UPI/14o36jxeilgd@ybl/P2M/hh6ldzey@ptbsi/Airtel
22/09/2022,,1223.4,DR,3260.77,UPI/b1q4yn9lwm1b@paytm/P2M/tlednuhv@ptbyl/Paytm
22/09/2022,,1014.21,DR,2246.56,UPI/byi2ihkrhb8k@paytm/P2M/h7ck7q95@ptbsi/AxisBank
22/09/2022,,3905.12,CR,6151.68,UPI/kbe5pbvaokec@paytm
22/09/2022,587361,1366.15,DR,4785.53,UPI/e7z41xvrfs2o@paytm/P2M/8rctlptq@ptbsi/Amazon
22/09/2022,,741.81,DR,4043.72,UPI/ru92rswdlf9m@paytm/P2M/bpqwrx1b@ptbyl/Airtel
21/09/2022,,784.26,DR,3259.46,UPI/87hn4s5ysw5j@okhdfc/P2M/8q56r0ig@oksbi/Paytm
21/09/2022,785486,229.83,DR,3029.63,UPI/me26gl1p9zzh@okhdfc/P2M/3iz7jbr6@paytm/AxisBank
21/09/2022,,703.68,DR,2325.95,UPI/oeu51bu7geru@axl/P2M/6kn9esle@ptbsi/Amazon
21/09/2022,,906.91,DR,1419.04,UPI/l3gh3oqlwwzt@oksbi/P2M/96vdrjhk@oksbi/Amazon
21/09/2022,,850.59,DR,568.45,UPI/lut796ks8w58@axl/P2M/pa13cp1g@paytm/Flipkart
21/09/2022,166617,537.07,DR,31.38,UPI/k3l1l4b55aym@axl/P2M/peqoafv3@ptbsi/Flipkart
21/09/2022,,3104.88,CR,3136.26,UPI/z2t1i8d30n0t@oksbi
21/09/2022,,1467.22,DR,1669.04,UPI/lpwcr8dy8akj@okaxis/P2M/ucv688eo@paytm/Amazon
21/09/2022,,558.76,DR,1110.28,UPI/3bv57ktgfjni@ybl/P2M/krzvy5jx@ptbyl/Edara
21/09/2022,151102,962.58,DR,147.7,UPI/cw2fzvhxetky@oksbi/P2M/70or13zu@ptbsi/Airtel
20/09/2022,,61.09,DR,86.61,UPI/1933wob6mcha@paytm/P2M/tnan24wa@ptbyl/BigBazaar
20/09/2022,598145,638.88,CR,725.49,UPI/qx4j2xwcodtu@okaxis
20/09/2022,,241.43,DR,484.06,UPI/yllxrf6gt8j3@axl/P2M/6505h8n8@paytm/Amazon
20/09/2022,,225.78,DR,258.28,UPI/9xssndgg77wb@paytm/P2M/6d9eaekp@ptbyl/VENNA
19/09/2022,254493,233.33,DR,24.95,UPI/7iy6nh8o8any@ybl/P2M/6wxomzum@paytm/AxisBank
19/09/2022,,3189.37,CR,3214.32,UPI/wrski8896wqz@okaxis
19/09/2022,,295.0,DR,2919.32,UPI/0lu32qqurl6z@oksbi/P2M/ngvmhgn7@ptbsi/AxisBank
19/09/2022,856495,2746.76,CR,5666.08,UPI/31ns8gcw4jul@okaxis
19/09/2022,944155,789.84,DR,4876.24,UPI/7k7qew862a8m@paytm/P2M/wt1jghq4@oksbi/VENNA
18/09/2022,430377,718.56,DR,4157.68,UPI/gyky6agcgfq2@oksbi/P2M/kaaoaq0n@oksbi/Chala
18/09/2022,,1089.82,DR,3067.86,UPI/3lq1doyj10cn@ybl/P2M/ds3xhtys@ptbyl/Edara
18/09/2022,588734,869.96,DR,2197.9,UPI/tzovgubxek7u@paytm/P2M/apoih5hz@ptbyl/Amazon
18/09/2022,,1471.97,DR,725.93,UPI/tvfnwzu40uee@okaxis/P2M/hb1yoy4i@ptbyl/Paytm
18/09/2022,,430.13,DR,295.8,UPI/czbulotosq1n@axl/P2M/uu14ppsi@oksbi/Chala
18/09/2022,,4132.18,CR,4427.98,UPI/72kse29sw6g4@okhdfc
18/09/2022,,462.58,CR,4890.56,UPI/knlodbcvievx@oksbi
18/09/2022,771024,368.33,DR,4522.23,UPI/atl5cl6tzuzs@paytm/P2M/dpopn1dk@oksbi/Flipkart
18/09/2022,240837,324.94,DR,4197.29,UPI/t9i4ai2mlcja@axl/P2M/xlh2sw7j@ptbsi/Flipkart
18/09/2022,,201.35,DR,3995.94,UPI/d1b0vyl46lo0@paytm/P2M/b3rer5f9@ptbsi/Airtel
17/09/2022,,819.65,DR,3176.29,UPI/k4ny55qlnqfe@axl/P2M/hc7ffqpx@oksbi/Edara
17/09/2022,,658.15,DR,2518.14,UPI/mttqyfjtocpz@oksbi/P2M/8t359w4f@ptbyl/Edara
17/09/2022,376195,99.98,DR,2418.16,UPI/6u902shcgwag@paytm/P2M/40370cso@paytm/Edara
17/09/2022,,1752.3,CR,4170.46,UPI/1pjtztt0qmxx@ybl
17/09/2022,,1419.71,DR,2750.75,UPI/h6agbly1htem@okaxis/P2M/kctjiun7@ptbsi/VENNA
17/09/2022,,595.87,CR,3346.62,UPI/gv5d0cakqzbu@okaxis
17/09/2022,,136.23,DR,3210.39,UPI/k3jnomyvo2nd@paytm/P2M/zktdpskw@paytm/Airtel
17/09/2022,143253,579.3,DR,2631.09,UPI/nnr85klccqnu@paytm/P2M/a13lopmi@ptbsi/Flipkart
17/09/2022,,364.59,DR,2266.5,UPI/acl4cdsoab2w@okhdfc/P2M/5i0rlxb4@oksbi/VENNA
17/09/2022,,41.22,DR,2225.28,UPI/jf5s87q03pvy@ybl/P2M/1411zgvn@ptbyl/Amazon
17/09/2022,,70.1,DR,2155.18,UPI/0q1eojk200nv@paytm/P2M/us3mixk1@paytm/Chala
17/09/2022,993678,1318.69,DR,836.49,UPI/68kjwfsdj776@paytm/P2M/lb5vqq3o@paytm/Edara
16/09/2022,694769,109.78,DR,726.71,UPI/03jccj3z31ju@okhdfc/P2M/s9vyll1l@paytm/Amazon
16/09/2022,482182,344.08,DR,382.63,UPI/ujwe98osyrzc@okhdfc/P2M/yktyo24o@paytm/Paytm
16/09/2022,759093,317.15,DR,65.48,UPI/jxfuld0cu377@okaxis/P2M/npt7d0fn@paytm/BigBazaar
15/09/2022,506451,142.99,CR,208.47,UPI/9kdzuelajqad@axl
14/09/2022,818806,113.82,DR,94.65,UPI/o3bylc2czooq@okaxis/P2M/bsp0q9g0@ptbsi/Paytm
14/09/2022,,90.63,DR,4.02,UPI/bwteruupofzz@okaxis/P2M/6vncsriv@ptbyl/Amazon
13/09/2022,,1255.45,CR,1259.47,UPI/klzgy9c3q49u@axl
13/09/2022,,3019.96,CR,4279.43,UPI/pz93pmndpml3@okhdfc
13/09/2022,927856,420.77,DR,3858.66,UPI/m9e6r3tkh9pz@oksbi/P2M/73oahgn0@paytm/Flipkart
13/09/2022,,1252.57,DR,2606.09,UPI/om87tanwq5z9@ybl/P2M/zp65mqpm@ptbsi/Edara
13/09/2022,,1308.97,DR,1297.12,UPI/vvekw3lybs6d@paytm/P2M/1tps0n8v@ptbyl/VENNA
13/09/2022,960121,119.01,DR,1178.11,UPI/62ovwawppceb@ybl/P2M/h8yd2kwc@ptbsi/Chala
12/09/2022,,161.69,DR,1016.42,UPI/rijaz8sgbix2@okhdfc/P2M/md96s1l7@oksbi/Flipkart
12/09/2022,882319,797.61,DR,218.81,UPI/sziflwgoq3ud@ybl/P2M/nahtppce@oksbi/Flipkart
12/09/2022,,146.71,CR,365.52,UPI/pjb8bx99ca3j@okhdfc
12/09/2022,,979.5,CR,1345.02,UPI/aa8cqm509lfw@paytm
12/09/2022,,138.2,DR,1206.82,UPI/tpbt35cb2qld@okhdfc/P2M/xzcqwvtw@oksbi/Edara
12/09/2022,,758.45,DR,448.37,UPI/0kagksp15wbh@ybl/P2M/j2mn8vp1@paytm/Amazon
12/09/2022,,383.09,DR,65.28,UPI/mgiws69gjpn7@axl/P2M/jchlwary@ptbyl/Edara
11/09/2022,548727,1426.95,CR,1492.23,UPI/goihftdkuusm@ybl
11/09/2022,964466,95.93,DR,1396.3,UPI/ekhzxff6572h@paytm/P2M/abb246tf@ptbyl/Chala
11/09/2022,136176,1317.07,DR,79.23,UPI/3n8y20wjptkv@axl/P2M/pn1egzsl@paytm/Amazon
11/09/2022,,2186.24,CR,2265.47,UPI/g3c44iwa1wgb@axl
11/09/2022,119286,837.38,DR,1428.09,UPI/bt6b7syh6zcj@ybl/P2M/e9jdc77v@ptbyl/Flipkart
11/09/2022,487224,1848.05,CR,3276.14,UPI/i52q2zw3r1oa@paytm
11/09/2022,,1080.92,DR,2195.22,UPI/30fl1scib5sy@okhdfc/P2M/id3o27ma@oksbi/Paytm
11/09/2022,867413,297.11,DR,1898.11,UPI/ou8bcb0dyaj9@okhdfc/P2M/h5f3tgrq@paytm/Edara
11/09/2022,531134,505.54,DR,1392.57,UPI/ldrbk6ewa901@paytm/P2M/s6rv75mm@ptbyl/AxisBank
11/09/2022,,2908.29,CR,4300.86,UPI/rwkleyef65r4@oksbi
10/09/2022,,214.07,DR,4086.79,UPI/srezt3wuim6j@oksbi/P2M/y343nusv@ptbyl/Flipkart
10/09/2022,484796,780.41,DR,3306.38,UPI/nf9fmo9rpmln@okhdfc/P2M/nbhzgsji@paytm/AxisBank
10/09/2022,,122.58,DR,3183.8,UPI/jmibqve722ez@axl/P2M/ug4t0n2x@paytm/Paytm
10/09/2022,,663.93,DR,2519.87,UPI/nbzhb0x5njfl@paytm/P2M/41usp2dj@ptbyl/Paytm
10/09/2022,313785,717.31,DR,1802.56,UPI/ks13225q3u5p@paytm/P2M/kr5qctic@ptbsi/Airtel
10/09/2022,,4904.36,CR,6706.92,UPI/2nqxf018pew8@okaxis
10/09/2022,,967.7,DR,5739.22,UPI/liy25kfuwy76@ybl/P2M/wldrrqgr@ptbsi/Airtel
10/09/2022,366842,832.33,DR,4906.89,UPI/yt91z31wee7o@okaxis/P2M/cn7411ur@ptbyl/BigBazaar
10/09/2022,,121.51,DR,4785.38,UPI/ym9709327p8g@okaxis/P2M/23ji6gar@paytm/Chala
10/09/2022,,330.33,DR,4455.05,UPI/zsf2uhj8oc2f@okaxis/P2M/2ndrz94s@ptbsi/Edara
10/09/2022,897436,276.74,DR,4178.31,UPI/ftlxfvoakn4z@oksbi/P2M/2uvy4epj@paytm/VENNA
10/09/2022,,720.77,DR,3457.54,UPI/788sb4v6zgp7@ybl/P2M/vwv840ep@ptbyl/VENNA
09/09/2022,935839,606.07,DR,2851.47,UPI/qmxs0s0iqiem@axl/P2M/m70djovl@ptbsi/VENNA
09/09/2022,,506.66,CR,3358.13,UPI/9pfx6ia66ilm@okaxis
09/09/2022,,1367.62,DR,1990.51,UPI/2t1l2ndm7ae7@okhdfc/P2M/1gke290b@ptbsi/Paytm
09/09/2022,,223.94,DR,1766.57,UPI/2cmfzf5a7d9n@okaxis/P2M/ah6uvbyl@ptbyl/Edara
09/09/2022,492842,1350.73,DR,415.84,UPI/1qso26rukosq@axl/P2M/sla2i6o3@ptbyl/Airtel
09/09/2022,210073,4919.27,CR,5335.11,UPI/gaqxt379vmha@oksbi
09/09/2022,191861,394.57,DR,4940.54,UPI/o7rga4tot1ut@okaxis/P2M/smediotl@paytm/Flipkart
09/09/2022,457555,1110.46,DR,3830.08,UPI/1t00jxq5k8xi@okaxis/P2M/fn55zcav@ptbyl/Airtel
09/09/2022,970265,395.57,DR,3434.51,UPI/dnftv698eiwh@paytm/P2M/ykbylepp@ptbsi/BigBazaar
09/09/2022,,532.5,DR,2902.01,UPI/d2n5yhnhf1bs@okaxis/P2M/cls3dxuf@ptbsi/Amazon
09/09/2022,814547,186.73,DR,2715.28,UPI/8sapjfaqrdln@ybl/P2M/buw7gini@ptbsi/VENNA
08/09/2022,125559,1409.91,DR,1305.37,UPI/wvsp88l2s8h6@paytm/P2M/7drtynoz@ptbsi/Flipkart
08/09/2022,,908.25,DR,397.12,UPI/hqo7o99coqga@axl/P2M/lz602qqk@ptbsi/Flipkart
08/09/2022,,29.02,DR,368.1,UPI/4zv50p6s662z@okaxis/P2M/8kn28tek@ptbyl/Paytm
08/09/2022,800315,31.46,DR,336.64,UPI/fve8l3s1bgrr@okhdfc/P2M/pw1r9q0m@ptbsi/AxisBank
08/09/2022,,186.45,DR,150.19,UPI/4mspq22sdd2y@okhdfc/P2M/qudhgouf@oksbi/VENNA
07/09/2022,,121.23,DR,28.96,UPI/bn407omk5omq@axl/P2M/7rapg7d4@ptbsi/VENNA
07/09/2022,,4560.28,CR,4589.24,UPI/nhst70l0ghp4@okaxis
07/09/2022,557153,898.46,DR,3690.78,UPI/eiac88esdb6y@paytm/P2M/42vy7dl8@paytm/Airtel
07/09/2022,687658,893.65,DR,2797.13,UPI/jz73mjwap64c@oksbi/P2M/z6e8ocdg@oksbi/Amazon
07/09/2022,984358,1339.18,DR,1457.95,UPI/9u7ta3i6c68w@axl/P2M/h6pj0hdr@ptbyl/Amazon
07/09/2022,,1170.02,DR,287.93,UPI/to8ssp9b4bek@okhdfc/P2M/mdtnckzt@ptbyl/Amazon
06/09/2022,136440,3842.48,CR,4130.41,UPI/q09mdhmeuodj@paytm
06/09/2022,840441,1418.88,DR,2711.53,UPI/ot67uwi0bbxi@ybl/P2M/dv4z5ksj@paytm/AxisBank
06/09/2022,,379.04,DR,2332.49,UPI/dbk9p3tjpxry@paytm/P2M/qm2l181w@ptbsi/Airtel
06/09/2022,,374.09,DR,1958.4,UPI/4l8yy5rvoe3o@ybl/P2M/7cagtt2g@ptbsi/Amazon
06/09/2022,717418,883.51,DR,1074.89,UPI/11xdi98o5r46@ybl/P2M/4ji4nz0z@paytm/Flipkart
06/09/2022,,3867.03,CR,4941.92,UPI/ptx52l55e5y0@oksbi
06/09/2022,,650.89,CR,5592.81,UPI/ymqhi1tcengz@axl
06/09/2022,,567.57,DR,5025.24,UPI/4xnblijjyegk@okaxis/P2M/d23qazn8@ptbsi/Edara
06/09/2022,,298.8,DR,4726.44,UPI/a2mefu6kc0om@ybl/P2M/nwki4smz@ptbyl/AxisBank
06/09/2022,,2711.38,CR,7437.82,UPI/mwaevvuoibae@paytm
06/09/2022,,997.06,DR,6440.76,UPI/zvvwywt1xwzq@paytm/P2M/5hou5ti4@ptbyl/AxisBank
05/09/2022,863274,745.42,DR,5695.34,UPI/iub3as7190ka@paytm/P2M/v9cdtk1f@ptbyl/Airtel
05/09/2022,,1207.68,DR,4487.66,UPI/kwn0rgt0nbm4@ybl/P2M/ehtd8eto@ptbsi/AxisBank
05/09/2022,,439.81,DR,4047.85,UPI/mu3le75cho5i@oksbi/P2M/55p3p957@oksbi/Flipkart
05/09/2022,175222,1057.99,CR,5105.84,UPI/setafol7ikvb@ybl
05/09/2022,,806.74,DR,4299.1,UPI/4kii7smjavxa@oksbi/P2M/ne4f9su2@oksbi/Chala
05/09/2022,,1416.81,DR,2882.29,UPI/it611lj5fru7@axl/P2M/lg76ptc0@ptbsi/Chala
05/09/2022,,1491.01,DR,1391.28,UPI/4duuwpdyga8c@okhdfc/P2M/ljoxmnd7@paytm/Airtel
05/09/2022,,1040.56,DR,350.72,UPI/q9retp6emwa4@okhdfc/P2M/hppkzqt7@paytm/Paytm
05/09/2022,529052,140.51,DR,210.21,UPI/1sqnrsxzsui4@okaxis/P2M/kus2ms5o@paytm/AxisBank
05/09/2022,869132,138.23,DR,71.98,UPI/ac5i2dj6f2e4@okhdfc/P2M/v4dm8cbk@ptbyl/AxisBank
04/09/2022,538886,3282.19,CR,3354.17,UPI/t7huvyi4nkdl@axl
04/09/2022,,255.83,DR,3098.34,UPI/beyjfvxa5xo3@oksbi/P2M/v0fohr2j@ptbsi/BigBazaar
04/09/2022,559134,381.07,DR,2717.27,UPI/c6hfhstru356@ybl/P2M/bon54o04@ptbyl/Amazon
04/09/2022,,961.74,DR,1755.53,UPI/fa3oafgwyv2r@okhdfc/P2M/yscmlrzc@ptbyl/Paytm
04/09/2022,658002,357.67,DR,1397.86,UPI/4uodzsowg7xq@okhdfc/P2M/sft4vunm@ptbyl/Paytm
04/09/2022,,124.84,DR,1273.02,UPI/yunr0czn8bn8@oksbi/P2M/83aea9aa@oksbi/Edara
04/09/2022,,725.25,DR,547.77,UPI/720nn5nnhg0l@paytm/P2M/y6jvi9b4@ptbsi/Flipkart
03/09/2022,,437.8,DR,109.97,UPI/s0szfldfo0wr@okhdfc/P2M/8ciucpfw@ptbyl/Chala
03/09/2022,271833,2345.79,CR,2455.76,UPI/kv6p4vesxz6e@oksbi
03/09/2022,413651,63.92,DR,2391.84,UPI/jypqrdudrfvn@oksbi/P2M/zzsi1zd3@paytm/Flipkart
03/09/2022,,843.13,DR,1548.71,UPI/ef10m322aaz7@oksbi/P2M/8814z8sc@oksbi/Airtel
03/09/2022,530271,859.17,DR,689.54,UPI/u7zsb9vluxac@okaxis/P2M/ttgvz4tf@oksbi/BigBazaar
02/09/2022,,3962.0,CR,4651.54,UPI/bybplrz6ujgt@paytm
02/09/2022,,977.1,DR,3674.44,UPI/83rmevb2u3y8@okaxis/P2M/3n3xggg4@oksbi/Edara
02/09/2022,912232,1126.71,DR,2547.73,UPI/k3fb7on5vdym@axl/P2M/5vp236m9@ptbyl/BigBazaar
02/09/2022,466495,608.35,DR,1939.38,UPI/bi2bna0dt1md@paytm/P2M/p7tplxjl@ptbyl/Amazon
02/09/2022,,861.46,DR,1077.92,UPI/5gxcjnzezfjr@oksbi/P2M/hxonwm9o@ptbyl/Paytm
02/09/2022,,4643.07,CR,5720.99,UPI/rhi3zfozxrg5@oksbi
02/09/2022,954919,1352.12,DR,4368.87,UPI/4y78e5j6vqhu@okhdfc/P2M/wqcb43zz@ptbsi/VENNA
02/09/2022,898571,1161.79,DR,3207.08,UPI/ounvkko4k7s1@paytm/P2M/qljv7de8@paytm/Amazon
02/09/2022,,659.29,DR,2547.79,UPI/nqlz8tcsgrff@oksbi/P2M/rnfatsw2@ptbsi/BigBazaar
02/09/2022,,4495.03,CR,7042.82,UPI/i6hdwnn3qj2b@oksbi
02/09/2022,,494.15,DR,6548.67,UPI/fnclrr411011@okhdfc/P2M/d22t4k5m@oksbi/AxisBank
02/09/2022,,1499.41,DR,5049.26,UPI/5w6mvsvj8n1y@okhdfc/P2M/vxh8l4nb@ptbyl/Edara
01/09/2022,,3239.74,CR,8289.0,UPI/9rqc9hqwyg8y@paytm
01/09/2022,746257,373.37,DR,7915.63,UPI/5c97v07s43ym@paytm/P2M/b3q6ew3v@oksbi/VENNA
01/09/2022,,724.69,DR,7190.94,UPI/gr5pdhli8mlj@axl/P2M/xszmcq65@oksbi/Paytm
01/09/2022,,1246.05,DR,5944.89,UPI/r0itft4npdoj@ybl/P2M/fw0uljmu@oksbi/Edara
01/09/2022,,1025.93,DR,4918.96,UPI/pncklj1baxtn@okaxis/P2M/54p3wurz@oksbi/AxisBank
01/09/2022,,726.79,DR,4192.17,UPI/c9mplt41z20c@axl/P2M/bhd0m5ko@ptbsi/AxisBank
01/09/2022,,862.72,DR,3329.45,UPI/gv6rxejv4nb1@oksbi/P2M/jstpjhtq@ptbsi/Chala
01/09/2022,,358.1,CR,3687.55,UPI/7ucmxmy61gn4@axl
01/09/2022,,180.14,DR,3507.41,UPI/4oscht7ol30s@okhdfc/P2M/ttb2g92c@paytm/Flipkart
01/09/2022,839170,604.55,DR,2902.86,UPI/pfrh35w7g8it@oksbi/P2M/pgxep849@ptbyl/VENNA
01/09/2022,552784,1474.71,DR,1428.15,UPI/w2vxknuv326k@axl/P2M/do0392nd@ptbsi/Amazon
01/09/2022,,330.17,DR,1097.98,UPI/xv2092715o6t@oksbi/P2M/llo5kkj8@ptbyl/Airtel
