Date,Instrument ID,Amount,Type,Balance,Remarks
31/07/2023,,625.08,DR,447.85,UPI/zxiqv8eg6nri@ybl/P2M/twlzurut@paytm/Paytm
31/07/2023,887752,34.3,DR,413.55,UPI/pe0e2u0nip1n@oksbi/P2M/whxhiorf@paytm/Amazon
31/07/2023,,105.12,DR,308.43,UPI/1yt22pxxmh5q@ybl/P2M/c8vd6ahg@ptbyl/Flipkart
31/07/2023,639784,125.23,DR,183.2,UPI/jlu33yxkd6zx@paytm/P2M/956snwmz@ptbyl/VENNA
31/07/2023,,4665.23,CR,4848.43,UPI/qmag57q0cr0v@okhdfc
31/07/2023,,509.75,CR,5358.18,UPI/dqt3a56joihj@paytm
30/07/2023,153804,1052.57,DR,4305.61,UPI/dewi6f767ifs@okhdfc/P2M/yqx58ppy@paytm/Flipkart
30/07/2023,896600,217.42,DR,4088.19,UPI/c32vzl6ohii2@ybl/P2M/m6ag88vl@paytm/Flipkart
30/07/2023,,525.07,DR,3563.12,UPI/ysouargs8gsc@axl/P2M/5togz23z@oksbi/Flipkart
30/07/2023,386031,1495.5,DR,2067.62,UPI/4bt2yglyxxui@okhdfc/P2M/8vi0fpd7@ptbsi/Flipkart
30/07/2023,343635,189.55,DR,1878.07,UPI/12q515p5hx1r@ybl/P2M/vdczqsat@paytm/Chala
30/07/2023,,661.43,DR,1216.64,UPI/sp7erhw8y29n@ybl/P2M/oneia9qk@oksbi/Chala
30/07/2023,728827,18.26,DR,1198.38,UPI/9z7xhzk38z78@ybl/P2M/uic8zqx4@ptbsi/Chala
30/07/2023,748038,1077.61,DR,120.77,UPI/hra5u312s3vl@ybl/P2M/r6a312yr@ptbsi/Edara
30/07/2023,,87.94,DR,32.83,UPI/rap544m1siaf@axl/P2M/ythnghp2@oksbi/VENNA
30/07/2023,,1489.75,CR,1522.58,UPI/tskwzm0ulh8j@paytm
30/07/2023,149985,3839.34,CR,5361.92,UPI/eovasfil5nh0@okaxis
30/07/2023,,104.2,DR,5257.72,UPI/dkcukp7xsjz0@oksbi/P2M/jfy7o3bq@oksbi/AxisBank
30/07/2023,,694.78,DR,4562.94,UPI/d7ehpz665ih5@paytm/P2M/x7cuycpb@ptbyl/Flipkart
30/07/2023,,1013.08,DR,3549.86,UPI/ruewi0fozja7@oksbi/P2M/n6bql5nr@paytm/BigBazaar
29/07/2023,739278,546.01,DR,3003.85,UPI/y1b4opbl6ox1@paytm/P2M/twmad613@ptbyl/BigBazaar
29/07/2023,724914,1365.44,DR,1638.41,UPI/pzyoqmw8xm7b@axl/P2M/5nr1x26x@ptbsi/VENNA
29/07/2023,,1808.62,CR,3447.03,UPI/54c8qn0cl18p@okhdfc
29/07/2023,620011,958.74,DR,2488.29,UPI/ob1228ldffha@oksbi/P2M/amxwu3aw@paytm/Edara
29/07/2023,,778.65,DR,1709.64,UPI/rol216n3bccv@axl/P2M/bjscelyt@oksbi/Flipkart
29/07/2023,438040,420.29,DR,1289.35,UPI/971usc888o31@okhdfc/P2M/7od92g1s@ptbsi/Flipkart
29/07/2023,,1185.58,DR,103.77,UPI/qo7flqjosmc8@paytm/P2M/x0cljfy6@ptbsi/BigBazaar
29/07/2023,,694.46,CR,798.23,UPI/29ho5yliowdp@axl
29/07/2023,,11.8,DR,786.43,UPI/fjev8eszodd7@oksbi/P2M/yijepb6u@oksbi/Flipkart
28/07/2023,,330.35,DR,456.08,UPI/mfll4g15orc8@axl/P2M/1nexhgle@paytm/VENNA
28/07/2023,579887,445.43,DR,10.65,UPI/yuhp5z1spfrm@oksbi/P2M/0m4t0vzh@ptbyl/Paytm
28/07/2023,,3855.25,CR,3865.9,UPI/bxtm405gazf5@axl
28/07/2023,,1360.68,DR,2505.22,UPI/jnw3os8a8xna@oksbi/P2M/5m2hhyls@paytm/Airtel
28/07/2023,931203,1473.61,CR,3978.83,UPI/et2etkyxghb4@axl
28/07/2023,496465,190.91,DR,3787.92,UPI/e0matj861htd@oksbi/P2M/vfjcbcfw@ptbsi/Amazon
28/07/2023,,1256.63,DR,2531.29,UPI/gzz2tyovic9v@axl/P2M/3ozeux9w@ptbyl/AxisBank
28/07/2023,,78.76,DR,2452.53,UPI/6zdj64smmdc6@okhdfc/P2M/132r90kk@ptbsi/VENNA
28/07/2023,,550.68,CR,3003.21,UPI/vdtnki837kup@oksbi
28/07/2023,,98.89,DR,2904.32,UPI/8iwq1nv9uz86@okhdfc/P2M/s5ycgyv5@oksbi/Airtel
27/07/2023,,91.49,DR,2812.83,UPI/1q20z5uz9slf@oksbi/P2M/c7yze63t@ptbyl/Paytm
27/07/2023,,209.59,DR,2603.24,UPI/wio4abe747go@oksbi/P2M/vi764xlb@ptbyl/Flipkart
27/07/2023,,751.55,DR,1851.69,UPI/c8fqxd1yuzls@ybl/P2M/xgtkt5j1@ptbyl/Flipkart
27/07/2023,,3883.5,CR,5735.19,UPI/l5qihh41my2w@oksbi
27/07/2023,,1376.24,DR,4358.95,UPI/l4bioyoeappm@axl/P2M/sk4dby56@paytm/AxisBank
27/07/2023,,832.51,DR,3526.44,UPI/gu6odn3psl7e@axl/P2M/e32oan9n@oksbi/Paytm
27/07/2023,319709,585.14,DR,2941.3,UPI/nslviqt8c979@okaxis/P2M/lgpgrvqd@ptbsi/Paytm
27/07/2023,,343.07,DR,2598.23,UPI/0senpojsw65t@okaxis/P2M/jziczlnt@oksbi/VENNA
27/07/2023,,2214.6,CR,4812.83,UPI/n8n7tvgfpc4l@axl
27/07/2023,,329.45,DR,4483.38,UPI/2ud1zvxtt1nn@ybl/P2M/c6fkmm8y@ptbsi/Edara
27/07/2023,,650.62,DR,3832.76,UPI/aftv7gj0pgb3@okhdfc/P2M/xh90udni@oksbi/Airtel
27/07/2023,572309,3954.8,CR,7787.56,UPI/c09cmzzb89b1@okaxis
27/07/2023,994701,298.21,DR,7489.35,UPI/p5wx4j20hz8p@okaxis/P2M/w0u5v5jc@oksbi/Amazon
27/07/2023,,203.55,DR,7285.8,UPI/43bv3opfubgz@oksbi/P2M/x7go0zuz@ptbsi/Flipkart
27/07/2023,,1100.95,DR,6184.85,UPI/ospa4irhy5i4@oksbi/P2M/hmhuo4f2@ptbsi/Edara
26/07/2023,979984,4994.84,CR,11179.69,UPI/cyjij5vx6szy@okaxis
26/07/2023,279319,1489.83,DR,9689.86,UPI/d8ps06j6lzqa@paytm/P2M/qn55gq17@ptbyl/Paytm
26/07/2023,,652.53,DR,9037.33,UPI/yv1tavb2vxfg@okhdfc/P2M/90qox5u9@paytm/Flipkart
26/07/2023,570148,45.44,DR,8991.89,UPI/nb322ewaw1ju@axl/P2M/hl76v5t0@ptbsi/Paytm
26/07/2023,,1172.1,DR,7819.79,UPI/x31gd9ahdbl6@ybl/P2M/0d8m2p5y@ptbyl/VENNA
26/07/2023,579759,654.8,DR,7164.99,UPI/mj4ufbm0nmx2@okaxis/P2M/wtbfrjav@ptbsi/Paytm
26/07/2023,,2217.61,CR,9382.6,UPI/432ep6sb198l@okaxis
26/07/2023,637112,1433.57,DR,7949.03,UPI/lbutp7vy6p3w@okhdfc/P2M/memg6dpu@oksbi/Edara
26/07/2023,746338,1464.48,DR,6484.55,UPI/vj0i5msq99rf@okaxis/P2M/8glrdv0r@ptbsi/AxisBank
26/07/2023,,1189.79,DR,5294.76,UPI/i1q5ano242e9@okaxis/P2M/t5ln7qoo@ptbyl/Chala
26/07/2023,803411,63.13,DR,5231.63,UPI/krwnn5s6bdun@okaxis/P2M/48utor2m@ptbsi/VENNA
26/07/2023,343779,1252.06,DR,3979.57,UPI/37uahc3tojew@okaxis/P2M/bvioxr7v@paytm/BigBazaar
26/07/2023,,382.12,DR,3597.45,UPI/e0h56m4jm1tf@okhdfc/P2M/a6dkrgp9@oksbi/VENNA
26/07/2023,562868,874.76,DR,2722.69,UPI/j85kyv6q3rlt@okaxis/P2M/hc5m2o52@ptbyl/Airtel
26/07/2023,722343,21.38,DR,2701.31,UPI/61x606f7wsuu@ybl/P2M/6lh1nrj8@ptbyl/Edara
25/07/2023,,76.61,DR,2624.7,UPI/p0me0hxsose6@ybl/P2M/siq07gex@paytm/Paytm
25/07/2023,,1722.92,CR,4347.62,UPI/sh2kviwnvwq9@okhdfc
25/07/2023,982796,2622.53,CR,6970.15,UPI/u0nzh4kqo6ku@paytm
25/07/2023,467629,2796.72,CR,9766.87,UPI/p96mp81842pn@oksbi
25/07/2023,547619,744.72,DR,9022.15,UPI/2ehm7d4py9id@axl/P2M/izj4mips@paytm/Airtel
25/07/2023,198797,569.06,DR,8453.09,UPI/j46wrzqyxf4s@axl/P2M/0i9b1f4k@ptbyl/Chala
25/07/2023,,3240.6,CR,11693.69,UPI/xdzos98z0ukl@oksbi
25/07/2023,,471.16,DR,11222.53,UPI/8nxn292sv8pj@paytm/P2M/kvkjl1cv@ptbsi/Chala
25/07/2023,963992,894.85,DR,10327.68,UPI/ysszjlr8qi4m@okaxis/P2M/ub6dgc9r@ptbyl/Flipkart
25/07/2023,858828,4747.17,CR,15074.85,UPI/1gwvy7303vnm@oksbi
25/07/2023,,467.2,DR,14607.65,UPI/olz8r6b86dxs@oksbi/P2M/kuh618nf@ptbsi/AxisBank
25/07/2023,435733,724.01,DR,13883.64,UPI/qq2rbzd9ye4d@oksbi/P2M/2it86x4h@ptbsi/Edara
25/07/2023,388278,149.04,DR,13734.6,UPI/sgqw40k9bdrh@okaxis/P2M/1gc7qy4r@ptbsi/Amazon
25/07/2023,395393,212.65,DR,13521.95,UPI/shyldveiumjj@paytm/P2M/xs0mhsvs@ptbsi/Airtel
25/07/2023,,1204.65,DR,12317.3,UPI/vcyc62eng2rz@okhdfc/P2M/on12mf4x@oksbi/Airtel
24/07/2023,250391,1298.46,DR,11018.84,UPI/kcbucb45xgh1@axl/P2M/marba15r@ptbsi/Paytm
24/07/2023,675094,200.77,DR,10818.07,UPI/7d0kcxckqm4k@axl/P2M/2dduo48a@ptbsi/BigBazaar
24/07/2023,,207.12,DR,10610.95,UPI/y8uodjf5ykyj@ybl/P2M/w6i6b7gk@ptbyl/Flipkart
24/07/2023,,521.81,DR,10089.14,UPI/g14lzl4xw0zs@oksbi/P2M/0wzfl8a9@ptbsi/Flipkart
24/07/2023,,410.3,CR,10499.44,UPI/fyjptqrr75ih@okhdfc
24/07/2023,,1198.47,DR,9300.97,UPI/km5e3jvksxtr@axl/P2M/ag39g110@paytm/Paytm
24/07/2023,544909,375.72,DR,8925.25,UPI/duqtywcsp674@okaxis/P2M/vh9jrv2x@paytm/Flipkart
24/07/2023,882123,3272.73,CR,12197.98,UPI/5rmvv1f4lu0z@axl
24/07/2023,,1417.18,DR,10780.8,UPI/6bn0hdcht4r0@oksbi/P2M/py5yaf26@ptbyl/AxisBank
24/07/2023,368499,51.15,DR,10729.65,UPI/v4dbobvkoz0m@paytm/P2M/6kiibgni@ptbyl/Paytm
24/07/2023,,1113.44,DR,9616.21,UPI/t6palrzdadce@axl/P2M/fdksl0lc@paytm/Airtel
24/07/2023,,187.85,DR,9428.36,UPI/a2lx0hf4e758@ybl/P2M/oeh7isf6@oksbi/Paytm
24/07/2023,,33.57,DR,9394.79,UPI/60e6eno67bb6@okhdfc/P2M/1ah77jg5@ptbyl/Airtel
24/07/2023,,980.04,DR,8414.75,UPI/k6dgyybxifae@okhdfc/P2M/5wnmo4z1@oksbi/Paytm
24/07/2023,,419.14,DR,7995.61,UPI/lxpp35lwmd0p@okhdfc/P2M/uymvljnt@ptbsi/Chala
23/07/2023,829139,915.85,DR,7079.76,UPI/zuidar96e4sj@okaxis/P2M/3sy8zuvi@ptbsi/BigBazaar
23/07/2023,,296.77,DR,6782.99,UPI/vhruyqs0tk7s@paytm/P2M/hx9d2uwc@oksbi/BigBazaar
23/07/2023,742544,900.39,DR,5882.6,UPI/u0hauqxr0249@axl/P2M/41a7wn7s@ptbsi/Flipkart
23/07/2023,,801.74,DR,5080.86,UPI/s9458pmsra0y@axl/P2M/qmxaga14@ptbyl/VENNA
23/07/2023,905665,758.7,DR,4322.16,UPI/bx6ot5bt2sav@paytm/P2M/hc4o7xzq@ptbsi/Paytm
23/07/2023,659869,928.12,DR,3394.04,UPI/iq9iq3fi5dcy@okaxis/P2M/hmpz3ij1@oksbi/VENNA
23/07/2023,,3039.88,CR,6433.92,UPI/bl2h7qv4lxjy@oksbi
23/07/2023,,788.88,DR,5645.04,UPI/x3fo8l983g4h@oksbi/P2M/jbe7q1xf@paytm/BigBazaar
23/07/2023,,726.94,DR,4918.1,UPI/b6kgzhfjpvcn@ybl/P2M/53acdtlk@ptbyl/Flipkart
23/07/2023,,4379.85,CR,9297.95,UPI/31jegli6g941@axl
23/07/2023,824076,1323.39,DR,7974.56,UPI/xc10z5mjvfqq@okhdfc/P2M/wepf4onf@ptbyl/Flipkart
23/07/2023,,1469.16,DR,6505.4,UPI/fswziuao21pj@okhdfc/P2M/hnk6a9gs@ptbsi/Flipkart
23/07/2023,221237,284.38,DR,6221.02,UPI/tnsimo1szmzk@okhdfc/P2M/3rk71hgm@paytm/Flipkart
23/07/2023,,828.91,DR,5392.11,UPI/z9964agb0ph3@okhdfc/P2M/44t7jeu8@ptbsi/BigBazaar
23/07/2023,946892,729.66,DR,4662.45,UPI/1el54kzoo2o2@paytm/P2M/g5jmw10f@ptbsi/Chala
22/07/2023,,1134.97,DR,3527.48,UPI/eh1wjt1tt40k@okaxis/P2M/4z9sich5@paytm/AxisBank
22/07/2023,327700,991.93,DR,2535.55,UPI/5qv0njihqhdr@okaxis/P2M/6hivdg8c@ptbyl/Edara
22/07/2023,,3133.35,CR,5668.9,UPI/gto2hauclp50@okhdfc
22/07/2023,554235,758.59,DR,4910.31,UPI/9wpu83b570kk@paytm/P2M/87ooj5rs@ptbyl/Amazon
22/07/2023,,3109.54,CR,8019.85,UPI/yynuef03ym5m@okhdfc
22/07/2023,,939.36,DR,7080.49,UPI/vea6j5fwofnx@oksbi/P2M/oq96dqgf@oksbi/Paytm
22/07/2023,,979.26,DR,6101.23,UPI/wk0fvxkry7aj@oksbi/P2M/mlbn9cig@ptbyl/AxisBank
22/07/2023,,716.44,CR,6817.67,UPI/bls1nculbci1@okaxis
22/07/2023,605553,4122.86,CR,10940.53,UPI/sh8f0ex2x8uz@axl
22/07/2023,676346,3533.48,CR,14474.01,UPI/wreimg1jhr2t@okhdfc
22/07/2023,568796,823.59,DR,13650.42,UPI/05qdjskfojkf@okaxis/P2M/u5bbaqqh@ptbsi/Chala
22/07/2023,,1448.35,DR,12202.07,UPI/wgdrjb53tql2@paytm/P2M/c8gk1pf3@paytm/Flipkart
22/07/2023,,4045.64,CR,16247.71,UPI/tc6qc158bs70@axl
22/07/2023,,649.75,DR,15597.96,UPI/95yztpenw4os@paytm/P2M/d4l8qm9z@oksbi/Flipkart
22/07/2023,,1306.26,DR,14291.7,UPI/dh2x899q703f@okhdfc/P2M/5pjav4cf@ptbyl/VENNA
21/07/2023,996723,696.4,DR,13595.3,UPI/s23d3f4beb37@ybl/P2M/cl6oelwj@ptbsi/Flipkart
21/07/2023,,225.45,DR,13369.85,UPI/y50m4glranvb@okhdfc/P2M/vt5i22u8@ptbyl/Flipkart
21/07/2023,424403,172.21,DR,13197.64,UPI/663ew9ztnfkj@paytm/P2M/lgg9ktpk@paytm/Amazon
21/07/2023,156519,3027.47,CR,16225.11,UPI/ous0cg9i9x5d@okaxis
21/07/2023,960588,738.22,DR,15486.89,UPI/sh6r5y3e9nlh@oksbi/P2M/b0ow38je@oksbi/Airtel
21/07/2023,,116.87,DR,15370.02,UPI/0m8uvspe6y9x@paytm/P2M/cqqjeswe@oksbi/Flipkart
21/07/2023,,499.52,DR,14870.5,UPI/3ltx9sslcqrw@paytm/P2M/mhos1e8a@ptbsi/BigBazaar
21/07/2023,847242,1475.2,DR,13395.3,UPI/p8w8w1xnufb1@paytm/P2M/8sk9s4s2@paytm/VENNA
21/07/2023,477089,386.15,DR,13009.15,UPI/qs5csucismaz@okaxis/P2M/7i5unsqb@oksbi/Edara
21/07/2023,921132,1333.73,DR,11675.42,UPI/jbtxc6b8pbdq@axl/P2M/zg7qfk4j@ptbsi/BigBazaar
21/07/2023,732090,2675.76,CR,14351.18,UPI/cmcc5s4tdwz7@ybl
21/07/2023,,517.43,DR,13833.75,UPI/t4fj3bg62lhy@okhdfc/P2M/g3nvt0o2@paytm/Edara
21/07/2023,,989.68,CR,14823.43,UPI/vk1wtds424dy@okaxis
21/07/2023,920863,626.45,CR,15449.88,UPI/p0tp99hoaq26@oksbi
21/07/2023,747034,1142.9,DR,14306.98,UPI/gtst5bjwpvlp@paytm/P2M/vuabinpw@ptbyl/AxisBank
20/07/2023,,851.22,DR,13455.76,UPI/y2bvkcv0k8rx@paytm/P2M/nsc36gp2@oksbi/Airtel
20/07/2023,368247,1172.78,DR,12282.98,UPI/dhgvpwthxaor@axl/P2M/vam9squm@oksbi/Flipkart
20/07/2023,,4015.0,CR,16297.98,UPI/zl82svx3caui@paytm
20/07/2023,,1323.28,DR,14974.7,UPI/7o7qxshdignu@okaxis/P2M/31wctbj4@paytm/Paytm
20/07/2023,625306,360.1,DR,14614.6,UPI/1perfxx8273d@okaxis/P2M/cqdhxlcm@ptbyl/Edara
20/07/2023,380028,1250.67,DR,13363.93,UPI/7erk6aotov6l@okaxis/P2M/7dn0izcv@ptbsi/BigBazaar
20/07/2023,,599.03,DR,12764.9,UPI/v7mfhtj3px6o@ybl/P2M/qyojxrwy@ptbyl/AxisBank
20/07/2023,,944.91,DR,11819.99,UPI/5dj5a6sxdrte@oksbi/P2M/bg3pf3p6@ptbyl/Chala
20/07/2023,,20.35,DR,11799.64,UPI/gtzuhif1svji@oksbi/P2M/df8vm68e@oksbi/Chala
20/07/2023,650338,3044.77,CR,14844.41,UPI/h6omhn48s21m@okhdfc
20/07/2023,,399.56,DR,14444.85,UPI/8448zjjme6ok@okaxis/P2M/jqefpate@paytm/Edara
20/07/2023,,2321.01,CR,16765.86,UPI/1k9a7zse2z3v@paytm
20/07/2023,245987,224.23,DR,16541.63,UPI/wrzkldkbjfmc@paytm/P2M/qdiqq1ju@ptbyl/Chala
20/07/2023,,4571.88,CR,21113.51,UPI/vrl3oom58xdf@axl
20/07/2023,,1145.92,DR,19967.59,UPI/tszqv2ct52zk@paytm/P2M/ljiicx28@ptbyl/BigBazaar
19/07/2023,393174,1420.93,DR,18546.66,UPI/rpc0qqfokuiv@axl/P2M/4l77lkbq@paytm/AxisBank
19/07/2023,,863.81,DR,17682.85,UPI/1m3y0lypqwlt@axl/P2M/8o775v8n@paytm/VENNA
19/07/2023,,4045.4,CR,21728.25,UPI/snq1i0ugaeu9@oksbi
19/07/2023,,450.39,DR,21277.86,UPI/nlwktevphrtj@okhdfc/P2M/jk08dqi1@ptbyl/Chala
19/07/2023,505168,1287.38,DR,19990.48,UPI/lr82bdeue2d9@oksbi/P2M/tehnecng@oksbi/Flipkart
19/07/2023,467145,769.26,DR,19221.22,UPI/hreyj6jx3s0n@oksbi/P2M/7l0lrff2@paytm/Chala
19/07/2023,716391,1167.98,DR,18053.24,UPI/gf34dhmdzyc8@axl/P2M/iz4vnk5d@ptbyl/Airtel
19/07/2023,,306.78,DR,17746.46,UPI/l51q6vuit6dg@paytm/P2M/z41uzyzh@oksbi/Airtel
19/07/2023,,752.83,DR,16993.63,UPI/ec60ac6ay5gq@okhdfc/P2M/es9v3tgl@oksbi/VENNA
19/07/2023,,216.01,DR,16777.62,UPI/5h180gbuwovd@okaxis/P2M/z43unrrt@ptbsi/Edara
19/07/2023,248315,669.71,DR,16107.91,UPI/1fe960qdy5g4@oksbi/P2M/h8fqfd3x@paytm/VENNA
19/07/2023,958792,264.38,DR,15843.53,UPI/w2zvc74mgzka@okhdfc/P2M/m8wm76qz@paytm/Edara
19/07/2023,794815,1371.79,DR,14471.74,UPI/slyqfhf4e33x@ybl/P2M/l1lpiwy3@ptbyl/Chala
19/07/2023,463171,1109.52,DR,13362.22,UPI/yollkv527s0e@ybl/P2M/wtdaljwr@oksbi/AxisBank
19/07/2023,481946,1478.74,DR,11883.48,UPI/ila0mf8q20on@oksbi/P2M/5ap39ipp@ptbyl/Airtel
18/07/2023,712393,238.05,DR,11645.43,UPI/j1g1n5i6tbxb@okaxis/P2M/xic99t85@ptbyl/AxisBank
18/07/2023,,348.24,DR,11297.19,UPI/o9wv3ckm2oz3@okaxis/P2M/p6ap94ba@oksbi/BigBazaar
18/07/2023,378154,1093.54,DR,10203.65,UPI/5ay9igv9pzu4@ybl/P2M/axhxqfdi@ptbyl/AxisBank
18/07/2023,,1474.95,DR,8728.7,UPI/a8g0x1vsmguq@paytm/P2M/68jntixj@ptbyl/BigBazaar
18/07/2023,,730.6,DR,7998.1,UPI/q8k0qcbjmvvq@oksbi/P2M/gcl8pxxb@ptbsi/Airtel
18/07/2023,,1203.32,DR,6794.78,UPI/wu5tsyjaedym@oksbi/P2M/ng38yxic@ptbyl/BigBazaar
18/07/2023,,232.49,DR,6562.29,UPI/l984d1ewo4nu@ybl/P2M/qnc7s6m0@ptbyl/AxisBank
18/07/2023,,67.41,DR,6494.88,UPI/loh816ab3y4q@okhdfc/P2M/npej8xq3@ptbyl/BigBazaar
18/07/2023,,55.7,DR,6439.18,UPI/98bpxvix0lqo@axl/P2M/20ql2r0t@oksbi/Flipkart
18/07/2023,,645.47,DR,5793.71,UPI/y8z5jxx76g1y@axl/P2M/9pc9f39l@oksbi/AxisBank
18/07/2023,,1269.21,DR,4524.5,UPI/1wo09i00b29l@okhdfc/P2M/hrg9m8sd@oksbi/AxisBank
18/07/2023,410318,291.55,DR,4232.95,UPI/k7cbzp4u3vur@paytm/P2M/kqb5vb5s@ptbyl/Amazon
18/07/2023,,1444.43,DR,2788.52,UPI/1yopz11mnh1p@paytm/P2M/1ay262d3@oksbi/AxisBank
18/07/2023,,185.8,DR,2602.72,UPI/cq5183sprvkg@paytm/P2M/8a68z9k4@ptbsi/Flipkart
18/07/2023,,1475.68,DR,1127.04,UPI/17t55r4wrxy4@ybl/P2M/0j42czl9@ptbsi/Chala
17/07/2023,759734,365.92,DR,761.12,UPI/77cusxye9azs@axl/P2M/vysy62gz@ptbyl/Chala
17/07/2023,141641,4760.64,CR,5521.76,UPI/cja7makqr0kd@axl
17/07/2023,,1214.9,DR,4306.86,UPI/feysl88fy6zr@okhdfc/P2M/nk0pl5jq@ptbsi/VENNA
17/07/2023,,88.63,DR,4218.23,UPI/r1w5qb83m4j5@paytm/P2M/tpipciag@oksbi/Paytm
17/07/2023,,3241.63,CR,7459.86,UPI/2v9dsxc20h8v@okaxis
17/07/2023,,1168.33,DR,6291.53,UPI/ejiwoueq5nui@oksbi/P2M/o6qzzplu@oksbi/Airtel
17/07/2023,509813,1405.64,DR,4885.89,UPI/6my0efojjnos@paytm/P2M/macjbd1s@ptbyl/Paytm
17/07/2023,638973,894.49,DR,3991.4,UPI/4yeodci45tzj@paytm/P2M/3cv0ajbj@paytm/VENNA
17/07/2023,,4566.39,CR,8557.79,UPI/is8sa59adbys@oksbi
17/07/2023,,972.53,DR,7585.26,UPI/stbnfnrx424r@oksbi/P2M/bx0ioby3@paytm/Airtel
17/07/2023,289117,386.32,DR,7198.94,UPI/aawe1n1g67pk@okaxis/P2M/a4qvo8sm@ptbyl/Paytm
17/07/2023,327640,716.88,DR,6482.06,UPI/4oeivcvzavtq@paytm/P2M/gchbtmt5@ptbsi/VENNA
17/07/2023,,237.5,DR,6244.56,UPI/spghxqc8f8wg@okaxis/P2M/soimr0l5@oksbi/Chala
17/07/2023,,223.62,DR,6020.94,UPI/j4x3xwmtwotf@okhdfc/P2M/c520d263@paytm/Chala
17/07/2023,871186,692.36,DR,5328.58,UPI/qsauyyajihn3@ybl/P2M/6lmdig62@paytm/Edara
16/07/2023,,1100.09,CR,6428.67,UPI/nvy7vnt48jzh@paytm
16/07/2023,693240,1298.75,DR,5129.92,UPI/a578ksrypw8j@okaxis/P2M/1ldoseyy@paytm/Paytm
16/07/2023,,356.62,DR,4773.3,UPI/o4qex17rnr0l@axl/P2M/wriq5cjn@ptbyl/Amazon
16/07/2023,,1301.85,DR,3471.45,UPI/eqra0274puhu@paytm/P2M/7si5tr0m@ptbsi/Flipkart
16/07/2023,434398,28.45,DR,3443.0,UPI/kqqdcek1u1qd@okhdfc/P2M/e4rapgal@ptbsi/BigBazaar
16/07/2023,373028,2494.56,CR,5937.56,UPI/zlfez1xgp27u@ybl
16/07/2023,792556,1855.22,CR,7792.78,UPI/e2kugfvl69zt@okhdfc
16/07/2023,588698,920.88,DR,6871.9,UPI/iutig915nehg@axl/P2M/jvljto0i@paytm/Airtel
16/07/2023,,628.39,DR,6243.51,UPI/e2bjph3s3r4d@paytm/P2M/cj71scww@ptbyl/Edara
16/07/2023,,742.2,DR,5501.31,UPI/axr2mw8439wr@paytm/P2M/mvlhz1rt@paytm/Flipkart
16/07/2023,,1054.8,DR,4446.51,UPI/2euucpkqtdcq@oksbi/P2M/dnjep62c@ptbyl/Amazon
16/07/2023,,1495.55,DR,2950.96,UPI/cctc53xsa1ia@okaxis/P2M/67ashq3v@paytm/AxisBank
16/07/2023,,929.91,DR,2021.05,UPI/skpzgzon8erb@okaxis/P2M/jqcgfxf9@ptbsi/Amazon
16/07/2023,395000,1474.78,DR,546.27,UPI/kstyfr3e1a0l@paytm/P2M/qx48rxgs@paytm/Amazon
15/07/2023,,4360.79,CR,4907.06,UPI/3vzrk2f6szq5@oksbi
15/07/2023,,3662.9,CR,8569.96,UPI/7ejlcm7ki9cs@ybl
15/07/2023,169962,1064.13,DR,7505.83,UPI/g06seh30y493@okhdfc/P2M/mwar4ub8@ptbsi/Chala
15/07/2023,,1495.3,DR,6010.53,UPI/bs0t58w9jccm@oksbi/P2M/axq49qzo@ptbyl/BigBazaar
15/07/2023,,792.96,DR,5217.57,UPI/gu3mtt7ze08e@paytm/P2M/1s74hkw7@ptbyl/Edara
15/07/2023,,307.71,DR,4909.86,UPI/jnytzl5jmtli@okaxis/P2M/zw90nj9f@ptbsi/AxisBank
15/07/2023,461538,72.35,DR,4837.51,UPI/1uu7gbqfrhn9@paytm/P2M/oujv0ewv@oksbi/VENNA
15/07/2023,943369,1269.82,DR,3567.69,UPI/qec66heruohg@okhdfc/P2M/ck06ru1s@paytm/Edara
15/07/2023,,1471.33,DR,2096.36,UPI/7pmktdgd0xdk@paytm/P2M/5phsfinn@ptbyl/AxisBank
15/07/2023,,432.18,CR,2528.54,UPI/mbspikuvo238@paytm
15/07/2023,488215,1415.92,DR,1112.62,UPI/hz8otd46mzdj@oksbi/P2M/0t8x9242@ptbyl/Airtel
15/07/2023,,196.14,DR,916.48,UPI/b5r26q2xlaz2@paytm/P2M/zs9zi27f@ptbyl/Airtel
14/07/2023,295779,15.54,DR,900.94,UPI/9gkcmvyq5z7p@okhdfc/P2M/1j11kj46@oksbi/Chala
14/07/2023,,502.49,DR,398.45,UPI/tg93uecw661q@okaxis/P2M/tney0uea@oksbi/Chala
14/07/2023,,354.92,DR,43.53,UPI/yywj2mw833x0@okhdfc/P2M/k3y7108i@ptbsi/Airtel
14/07/2023,963506,4486.98,CR,4530.51,UPI/z5dtmip3m9rp@axl
14/07/2023,420226,1130.65,DR,3399.86,UPI/x0a5y4nlclvl@axl/P2M/wikvf008@paytm/Chala
14/07/2023,781296,564.93,DR,2834.93,UPI/kovvscbomtqx@okhdfc/P2M/bzyu9p92@oksbi/AxisBank
14/07/2023,591921,933.82,DR,1901.11,UPI/t3bstxmk6td4@oksbi/P2M/u6rum9hu@paytm/Amazon
14/07/2023,784913,1290.21,DR,610.9,UPI/cvlk1wuavx7d@paytm/P2M/syd3b5qw@ptbyl/Chala
14/07/2023,,509.99,DR,100.91,UPI/fgzbh670m4eo@oksbi/P2M/inhlfkb9@ptbsi/Paytm
13/07/2023,854372,86.01,DR,14.9,UPI/c3owm9jvy20i@paytm/P2M/z11ilte1@paytm/Chala
13/07/2023,,3039.38,CR,3054.28,UPI/yc1fef4ybfvq@axl
13/07/2023,850634,1474.9,DR,1579.38,UPI/r6062hz9rkpz@axl/P2M/jtkjeci4@ptbyl/Amazon
13/07/2023,366906,476.21,CR,2055.59,UPI/0kquujpk38p8@paytm
13/07/2023,,1908.17,CR,3963.76,UPI/laum26g377rd@ybl
13/07/2023,,922.07,DR,3041.69,UPI/w9x7cowygu40@ybl/P2M/qlx52ggv@ptbyl/AxisBank
13/07/2023,202492,51.17,DR,2990.52,UPI/ftcd17nh75iy@okhdfc/P2M/c8s0d4kr@paytm/Airtel
13/07/2023,,1226.52,DR,1764.0,UPI/o1y3xmoq8iw5@paytm/P2M/565fb71e@ptbyl/VENNA
12/07/2023,976733,913.55,DR,850.45,UPI/lfl5ucksoc7i@okhdfc/P2M/g7iuj0eu@ptbyl/Paytm
12/07/2023,,465.46,DR,384.99,UPI/3fhe9niqdju1@paytm/P2M/f3wvm0ar@oksbi/Chala
12/07/2023,596336,3084.31,CR,3469.3,UPI/lttmiuf4yve7@oksbi
12/07/2023,,1419.49,DR,2049.81,UPI/rx0nhilvhvkv@okhdfc/P2M/jqg1wsdp@paytm/VENNA
12/07/2023,366809,1366.58,DR,683.23,UPI/49nwrkrl0gqv@paytm/P2M/bw8k2jf4@paytm/Airtel
12/07/2023,671192,72.65,DR,610.58,UPI/z6cwez56rsl6@paytm/P2M/0s9mmcsr@ptbsi/AxisBank
12/07/2023,,85.31,DR,525.27,UPI/40seu02ud86x@okaxis/P2M/fgo8ulwr@ptbsi/Flipkart
11/07/2023,308179,502.35,DR,22.92,UPI/nzc962npdllx@paytm/P2M/pg31fkyt@ptbyl/Flipkart
10/07/2023,767992,858.32,CR,881.24,UPI/c4jdilegedbv@okhdfc
10/07/2023,162373,73.85,DR,807.39,UPI/7rlp6lzkyyta@paytm/P2M/vaqymj2m@ptbyl/AxisBank
10/07/2023,,523.65,DR,283.74,UPI/3ajv40fwvp1k@ybl/P2M/xapqoklk@paytm/Flipkart
10/07/2023,361341,2322.66,CR,2606.4,UPI/pyfibzsxycjk@oksbi
10/07/2023,418535,1434.63,DR,1171.77,UPI/m0fsvgil799o@oksbi/P2M/wg09bnsq@ptbsi/Flipkart
10/07/2023,,553.19,DR,618.58,UPI/ou8mee6q41iy@okhdfc/P2M/l33ka5ef@ptbsi/Paytm
10/07/2023,,4263.81,CR,4882.39,UPI/kogeono1km52@axl
10/07/2023,335800,673.23,DR,4209.16,UPI/1fgtbm1glhxz@paytm/P2M/zmwvc61u@paytm/Edara
10/07/2023,263583,1456.25,DR,2752.91,UPI/xn7kv2sggnkr@ybl/P2M/dqtlcn43@paytm/VENNA
10/07/2023,228743,295.8,DR,2457.11,UPI/dpvs51vobbzx@okaxis/P2M/6he09qdz@paytm/Edara
09/07/2023,,339.86,DR,2117.25,UPI/rkf69i8biqva@paytm/P2M/5s4mf9qx@oksbi/Chala
09/07/2023,555770,1025.72,DR,1091.53,UPI/y6mi9ytr5wic@axl/P2M/rvlgpvdz@paytm/Edara
09/07/2023,,70.27,DR,1021.26,UPI/mbj6zpw8khaa@oksbi/P2M/xr68k4ul@oksbi/BigBazaar
09/07/2023,,3257.12,CR,4278.38,UPI/oja2qkgex6az@okhdfc
09/07/2023,787946,1263.74,DR,3014.64,UPI/8kxxodunq7i7@axl/P2M/5f26q9hr@ptbsi/Airtel
09/07/2023,209348,1375.02,DR,1639.62,UPI/u2dt3s27q0j1@oksbi/P2M/cdq31cy9@ptbyl/Flipkart
09/07/2023,167542,1386.6,DR,253.02,UPI/rem26sl9xxx1@paytm/P2M/hlm6qg2u@ptbsi/Chala
09/07/2023,344221,2800.52,CR,3053.54,UPI/2kf7zoq1k8m7@paytm
09/07/2023,,975.39,DR,2078.15,UPI/bxsb8m07qojg@ybl/P2M/k34jmi0r@oksbi/AxisBank
09/07/2023,329981,648.35,DR,1429.8,UPI/2665np3y9naf@okaxis/P2M/54fkd03w@oksbi/Amazon
08/07/2023,,320.13,DR,1109.67,UPI/elpwzg86wyw1@ybl/P2M/k8wzswcn@ptbsi/Edara
08/07/2023,,246.14,DR,863.53,UPI/9svh6p2xjlin@ybl/P2M/omm87ckk@oksbi/Chala
08/07/2023,301820,61.29,DR,802.24,UPI/vt6jpd7ic7lt@axl/P2M/vct0wy9r@ptbyl/Flipkart
08/07/2023,,1723.45,CR,2525.69,UPI/skqb9jb4muek@okaxis
08/07/2023,,789.82,CR,3315.51,UPI/14dywmgcof09@axl
08/07/2023,,1058.53,DR,2256.98,UPI/j684wwib7hg0@okaxis/P2M/c84vwvo2@oksbi/BigBazaar
08/07/2023,,576.1,DR,1680.88,UPI/bl6m9oq1cfey@paytm/P2M/olf422iw@ptbyl/AxisBank
08/07/2023,,558.68,DR,1122.2,UPI/hptyycsit6a1@axl/P2M/rgq3ep7k@paytm/Edara
08/07/2023,,112.02,DR,1010.18,UPI/lce7fgsfgb00@oksbi/P2M/b6q1uc3n@paytm/Edara
07/07/2023,,667.82,DR,342.36,UPI/4kdj9wqyxojd@okhdfc/P2M/wp7wdaib@paytm/Paytm
07/07/2023,386254,2233.01,CR,2575.37,UPI/roditb46nnrp@axl
07/07/2023,,247.77,DR,2327.6,UPI/b52e7ub3t4n8@okhdfc/P2M/np88fsq5@oksbi/VENNA
07/07/2023,371149,788.04,DR,1539.56,UPI/k6k0du8u2z17@ybl/P2M/j3kqxqaf@ptbsi/Flipkart
07/07/2023,,376.04,DR,1163.52,UPI/jptlixmhb4ou@ybl/P2M/nn2bpc30@ptbsi/Amazon
07/07/2023,,2130.94,CR,3294.46,UPI/3q2c5u46fpp1@okhdfc
07/07/2023,,114.38,DR,3180.08,UPI/yxgojcae3r7r@okhdfc/P2M/pfr44thk@ptbyl/Chala
07/07/2023,,666.97,DR,2513.11,UPI/sjmlt6y66lt7@paytm/P2M/geck947i@ptbsi/Edara
07/07/2023,629718,839.99,DR,1673.12,UPI/qqdgmqkog1iz@okhdfc/P2M/9ujlau4r@ptbyl/Edara
07/07/2023,,436.8,DR,1236.32,UPI/cqolc7w2nnn2@okhdfc/P2M/bz9ejjsg@ptbsi/Paytm
07/07/2023,,850.45,DR,385.87,UPI/jkta5e8zpef8@okhdfc/P2M/zzd24lj2@oksbi/Paytm
07/07/2023,168210,1204.02,CR,1589.89,UPI/plz65cngajl2@paytm
07/07/2023,,1467.97,DR,121.92,UPI/mm5a0ygiyvuh@oksbi/P2M/7i3jaot1@ptbyl/Flipkart
06/07/2023,,11.76,DR,110.16,UPI/o8n12msubxfy@oksbi/P2M/0dysvdlt@ptbsi/Amazon
06/07/2023,,3741.66,CR,3851.82,UPI/2aj4ahwkcn6z@axl
06/07/2023,,1169.33,DR,2682.49,UPI/hxmgsitahbfz@ybl/P2M/89bo0300@ptbsi/AxisBank
06/07/2023,,138.29,DR,2544.2,UPI/vakynub83jlm@axl/P2M/ialv84zp@oksbi/AxisBank
06/07/2023,,31.92,DR,2512.28,UPI/eu3scm1jcrr9@oksbi/P2M/lyvkqtzf@oksbi/VENNA
06/07/2023,,725.73,DR,1786.55,UPI/946iexj9xqjx@oksbi/P2M/xw8eeom4@oksbi/VENNA
06/07/2023,933998,1167.92,DR,618.63,UPI/lreip8j1ze18@oksbi/P2M/5gk5qtti@ptbyl/AxisBank
05/07/2023,283999,507.18,DR,111.45,UPI/opimzalb7vrf@ybl/P2M/jykrmeoq@oksbi/Amazon
05/07/2023,,663.99,CR,775.44,UPI/91q668w447dz@paytm
05/07/2023,,572.78,DR,202.66,UPI/upvcvbm36dmg@okaxis/P2M/gllb6z4r@oksbi/VENNA
05/07/2023,,3962.52,CR,4165.18,UPI/wf47jtungqyq@oksbi
05/07/2023,,70.89,DR,4094.29,UPI/r95yib4tnl5o@oksbi/P2M/f5t19p15@oksbi/Edara
05/07/2023,,1288.9,DR,2805.39,UPI/v44ftxq76aqs@okaxis/P2M/3h6hlnvv@paytm/Airtel
05/07/2023,,1018.84,DR,1786.55,UPI/e6csgmywgm7k@okaxis/P2M/ig21o90y@oksbi/Airtel
05/07/2023,,524.93,CR,2311.48,UPI/pybh8x7rw8ji@okaxis
05/07/2023,,394.46,DR,1917.02,UPI/5f9nk5g6vob1@ybl/P2M/c4iad73l@ptbsi/Chala
05/07/2023,,215.26,CR,2132.28,UPI/lvyhoamdkadh@oksbi
05/07/2023,866800,1115.87,CR,3248.15,UPI/rnm59k8jhwew@okaxis
05/07/2023,,501.89,CR,3750.04,UPI/j4ycz946mpvc@axl
04/07/2023,,277.71,DR,3472.33,UPI/joclkjbpkkaf@oksbi/P2M/7vnylape@ptbsi/BigBazaar
04/07/2023,174480,538.73,DR,2933.6,UPI/fgr2jg15tov9@oksbi/P2M/a4hfqtoj@ptbyl/Paytm
04/07/2023,,2781.99,CR,5715.59,UPI/rv0vrgae0rug@okaxis
04/07/2023,872687,148.11,DR,5567.48,UPI/qh7wrdi1kfkp@oksbi/P2M/y53hn3yx@ptbyl/Amazon
04/07/2023,,232.67,DR,5334.81,UPI/dpojujltoj4n@ybl/P2M/wpnusfvo@ptbsi/Edara
04/07/2023,262731,324.13,DR,5010.68,UPI/szogm0ktiufy@okaxis/P2M/cnk0fsr6@ptbyl/Flipkart
04/07/2023,776286,1455.21,DR,3555.47,UPI/rpy06wn4vbpi@paytm/P2M/j7i2srth@ptbsi/Airtel
04/07/2023,470418,811.36,DR,2744.11,UPI/z5qmzs8vpdir@ybl/P2M/f1ot2di6@paytm/Flipkart
04/07/2023,260093,3147.26,CR,5891.37,UPI/1pwy59u1xi9b@paytm
04/07/2023,,575.42,DR,5315.95,UPI/mq5n373ux6ch@paytm/P2M/4hxxvzrg@ptbsi/Edara
04/07/2023,879138,291.13,DR,5024.82,UPI/qzvps6mtqw0p@oksbi/P2M/p5xbb8q6@ptbyl/Chala
04/07/2023,,105.94,DR,4918.88,UPI/f3re0zizpy6d@okaxis/P2M/redcmyy7@ptbsi/Flipkart
04/07/2023,796241,3140.99,CR,8059.87,UPI/1sv88br9os4g@axl
04/07/2023,224105,1103.7,DR,6956.17,UPI/zy7rj0o2ss75@okhdfc/P2M/97cadv54@oksbi/VENNA
04/07/2023,281655,288.1,DR,6668.07,UPI/s369rggm76a5@axl/P2M/aalpqmix@ptbyl/Paytm
03/07/2023,,1189.52,DR,5478.55,UPI/x0p9j6wpbqcq@okaxis/P2M/x5ml2xyb@oksbi/BigBazaar
03/07/2023,,1095.34,DR,4383.21,UPI/dlwyugchb5rt@ybl/P2M/efbf4mxs@ptbsi/AxisBank
03/07/2023,,1411.23,DR,2971.98,UPI/mzx7ywoxtkbz@axl/P2M/e2it9hpr@ptbsi/Paytm
03/07/2023,,872.7,DR,2099.28,UPI/d84z8t71g0m6@axl/P2M/c4lf0py0@oksbi/BigBazaar
03/07/2023,921370,701.61,DR,1397.67,UPI/utj38jcx3gx7@axl/P2M/4uruv6n1@oksbi/BigBazaar
03/07/2023,,4610.73,CR,6008.4,UPI/xa5vl77mu6kr@oksbi
03/07/2023,,415.95,DR,5592.45,UPI/upq3j6nwuo14@oksbi/P2M/xt2m956k@paytm/VENNA
03/07/2023,,687.6,DR,4904.85,UPI/mjslvlzeimgw@paytm/P2M/o1h6ayxm@ptbyl/Chala
03/07/2023,398261,557.64,DR,4347.21,UPI/p7vbzptwl4wr@okaxis/P2M/gmboq0sa@ptbsi/Amazon
03/07/2023,,1373.65,DR,2973.56,UPI/sde55gtje80n@okhdfc/P2M/7evhfx8u@ptbsi/Chala
03/07/2023,693330,3264.11,CR,6237.67,UPI/vl6k93ws8i0t@axl
03/07/2023,819426,1207.78,DR,5029.89,UPI/b8s7yvi2e24m@ybl/P2M/63uf86hl@ptbyl/VENNA
03/07/2023,239083,1268.74,DR,3761.15,UPI/jt0lth1g7fvb@paytm/P2M/x49mron9@oksbi/AxisBank
03/07/2023,,87.2,DR,3673.95,UPI/a1h9p821qeah@paytm/P2M/2onbkgro@ptbyl/Edara
03/07/2023,,1465.86,DR,2208.09,UPI/hsui2ovj8u1k@oksbi/P2M/nm09goa0@ptbyl/Airtel
02/07/2023,305321,695.32,DR,1512.77,UPI/ot5genzw8vk7@oksbi/P2M/imqzq5cz@ptbsi/Edara
02/07/2023,137252,482.39,DR,1030.38,UPI/3v82ifztviue@ybl/P2M/bzp3jj06@ptbyl/BigBazaar
02/07/2023,,2851.86,CR,3882.24,UPI/l7nyeq1xkabh@okhdfc
02/07/2023,,4134.2,CR,8016.44,UPI/31dfnjm0cnjw@okaxis
02/07/2023,651964,224.49,DR,7791.95,UPI/y3eterf4jzqk@axl/P2M/zgmlrc7b@oksbi/Flipkart
02/07/2023,,1055.22,DR,6736.73,UPI/3cbd0hsad2oj@okaxis/P2M/fpg3frk7@ptbyl/Chala
02/07/2023,,889.71,DR,5847.02,UPI/ehfxlinr6g2g@okhdfc/P2M/e2td2hho@paytm/Edara
02/07/2023,,818.07,DR,5028.95,UPI/3m90jjb96vcw@paytm/P2M/jadso4rf@ptbsi/Amazon
02/07/2023,,980.69,DR,4048.26,UPI/2a4enayorllr@okhdfc/P2M/arqcgqd0@ptbyl/BigBazaar
02/07/2023,,572.38,DR,3475.88,UPI/z3oiysl2veh6@paytm/P2M/w3ce11e6@ptbsi/VENNA
02/07/2023,,1451.51,DR,2024.37,UPI/2ugr6mqz8k82@okhdfc/P2M/ex9i8r97@ptbsi/Amazon
02/07/2023,,713.23,DR,1311.14,UPI/1x40oiebcbgi@axl/P2M/jw79q6tw@paytm/VENNA
02/07/2023,,346.53,DR,964.61,UPI/bhb57o2iinle@okhdfc/P2M/n0jz66i3@oksbi/Chala
02/07/2023,983770,167.98,DR,796.63,UPI/dm5jj85mff78@axl/P2M/szxxol59@ptbyl/VENNA
01/07/2023,,2053.83,CR,2850.46,UPI/1pwrfynoyo7y@ybl
01/07/2023,618758,255.91,DR,2594.55,UPI/9sjv3u6okdpx@okhdfc/P2M/44qr809e@ptbsi/Airtel
01/07/2023,845345,1157.0,DR,1437.55,UPI/t637uqn9micz@ybl/P2M/59hczlbt@ptbyl/AxisBank
01/07/2023,,1133.12,DR,304.43,UPI/1jw78sqpfmxe@axl/P2M/q3l3y6wh@ptbyl/Flipkart
01/07/2023,178430,326.47,CR,630.9,UPI/jf91kizii7dl@ybl
01/07/2023,677497,29.77,DR,601.13,UPI/1v77ak5tgxqe@oksbi/P2M/64mge63y@ptbsi/Paytm
01/07/2023,,1886.7,CR,2487.83,UPI/tisqqz8kt013@okhdfc
01/07/2023,,175.27,DR,2312.56,UPI/umkpwugr0suz@okaxis/P2M/ri5bcvu6@ptbyl/Amazon
01/07/2023,,944.12,DR,1368.44,UPI/zw0gxrnpdulc@okaxis/P2M/q9cq3h7h@ptbsi/Flipkart
01/07/2023,,1337.89,DR,30.55,UPI/u1e49omo5mkl@paytm/P2M/0i8ukck8@oksbi/BigBazaar
30/06/2023,,19.03,DR,11.52,UPI/t1rh5w9yq90s@ybl/P2M/01pfc0ev@paytm/Airtel
30/06/2023,,238.22,CR,249.74,UPI/3usdbe3lzmx7@axl
29/06/2023,441502,1631.85,CR,1881.59,UPI/7ucvne1shmfm@oksbi
29/06/2023,,3544.02,CR,5425.61,UPI/q5bjjvqkz0dx@okaxis
29/06/2023,,902.68,DR,4522.93,UPI/sz9m7tf4idx6@oksbi/P2M/vxf81r3y@ptbyl/BigBazaar
29/06/2023,,778.91,DR,3744.02,UPI/hgonvb0ilukw@oksbi/P2M/8hbppqk1@ptbsi/Edara
29/06/2023,397065,975.55,DR,2768.47,UPI/jtvzdplyk9dl@paytm/P2M/8xfuawfe@ptbyl/VENNA
29/06/2023,,455.07,DR,2313.4,UPI/b9i5qz46ytnw@ybl/P2M/q9xy5ldh@paytm/Chala
29/06/2023,108157,219.2,DR,2094.2,UPI/mlawflo89hxo@oksbi/P2M/k67sv9zc@oksbi/VENNA
29/06/2023,113431,1479.61,DR,614.59,UPI/gquzwys4oyxz@ybl/P2M/y9b27cwc@oksbi/VENNA
29/06/2023,,360.45,DR,254.14,UPI/rbyvr9cu2umd@ybl/P2M/t4gf2ght@paytm/Paytm
28/06/2023,,3599.96,CR,3854.1,UPI/hxu4f4neo8tr@oksbi
28/06/2023,953294,602.41,DR,3251.69,UPI/x145ggwpdi8u@okhdfc/P2M/2ybehayb@oksbi/Flipkart
28/06/2023,,560.62,DR,2691.07,UPI/20jjgk0wsfm6@axl/P2M/97ptkhqr@ptbsi/Airtel
28/06/2023,767316,1192.51,DR,1498.56,UPI/axuvvs52winx@oksbi/P2M/t7tjdtc5@ptbyl/BigBazaar
28/06/2023,253013,951.17,DR,547.39,UPI/fik1v73as2m9@ybl/P2M/43wdj3vv@oksbi/Paytm
28/06/2023,,3983.19,CR,4530.58,UPI/1ycynvxvbmaq@ybl
28/06/2023,756129,1069.68,DR,3460.9,UPI/jro2amyx54zh@ybl/P2M/m3oh54nx@ptbsi/BigBazaar
28/06/2023,,1045.5,DR,2415.4,UPI/rluszxst62rq@paytm/P2M/a3yrjkj6@ptbyl/Edara
28/06/2023,,398.72,DR,2016.68,UPI/52lkds66q3y7@okhdfc/P2M/7b2lmpq3@oksbi/BigBazaar
28/06/2023,306488,945.57,DR,1071.11,UPI/yj4mj1un4kdr@ybl/P2M/9a4u72tk@ptbyl/AxisBank
28/06/2023,,1011.76,DR,59.35,UPI/r7vdf4tlil91@okaxis/P2M/vg3v7nay@ptbsi/Amazon
26/06/2023,,26.37,DR,32.98,UPI/it3ynhlm75l8@oksbi/P2M/3rdxb2tb@ptbyl/Amazon
26/06/2023,,3322.64,CR,3355.62,UPI/66cjnp42un8o@axl
26/06/2023,281842,535.83,DR,2819.79,UPI/81xebka6nnjl@axl/P2M/edlyujvc@ptbsi/Airtel
26/06/2023,851349,551.41,DR,2268.38,UPI/u0rvgurl1ggh@okhdfc/P2M/cl700hby@oksbi/Chala
26/06/2023,826345,1379.55,DR,888.83,UPI/s11kmzutusq1@ybl/P2M/w9r7vkri@paytm/Amazon
26/06/2023,,603.96,DR,284.87,UPI/qymmll7vlr71@ybl/P2M/xc52zw6k@ptbsi/Flipkart
26/06/2023,,3291.9,CR,3576.77,UPI/bzvlnr1ebrue@okaxis
26/06/2023,265126,1463.53,DR,2113.24,UPI/3u5b82ll3mqt@ybl/P2M/m535x4nz@ptbsi/VENNA
26/06/2023,979331,1195.64,DR,917.6,UPI/kpswbtdwn2ou@paytm/P2M/8fwt087p@oksbi/BigBazaar
26/06/2023,,139.71,DR,777.89,UPI/p1licgu77p5w@okhdfc/P2M/li98uuju@paytm/Paytm
25/06/2023,554807,604.75,CR,1382.64,UPI/skbmge0ltqf7@paytm
25/06/2023,,130.01,DR,1252.63,UPI/h2f6co0cy2n5@oksbi/P2M/y1rk7jyj@paytm/Amazon
25/06/2023,814337,732.91,DR,519.72,UPI/4rv8xj6wtacj@okhdfc/P2M/kyrku7yu@ptbsi/Amazon
25/06/2023,706228,400.77,DR,118.95,UPI/zehbbw2j7h8g@oksbi/P2M/bzrgs98a@ptbsi/VENNA
24/06/2023,693555,28.76,DR,90.19,UPI/z91igbpi6b9d@paytm/P2M/dmaeljl1@paytm/Flipkart
24/06/2023,419001,56.72,DR,33.47,UPI/64afwzz4hi0y@okaxis/P2M/8q8jbt91@paytm/AxisBank
22/06/2023,743155,3276.41,CR,3309.88,UPI/lxibbsi14vqg@axl
22/06/2023,,98.9,DR,3210.98,UPI/dj1u8jrfwrw8@paytm/P2M/mhskv88i@ptbsi/Flipkart
22/06/2023,,614.43,DR,2596.55,UPI/psiencqvzvv5@oksbi/P2M/3g0e3oxe@oksbi/Airtel
22/06/2023,962034,153.54,DR,2443.01,UPI/y1sf9yrakoh3@ybl/P2M/t59md8xe@ptbyl/Chala
22/06/2023,600431,1480.5,DR,962.51,UPI/v2eij89igw69@okaxis/P2M/khz6w4bq@ptbsi/VENNA
22/06/2023,376613,866.74,DR,95.77,UPI/ht28kgmi4r7s@paytm/P2M/hejr31uy@ptbsi/Flipkart
22/06/2023,945490,1974.41,CR,2070.18,UPI/l9e5gbsldejj@axl
22/06/2023,,976.23,DR,1093.95,UPI/i6ditxjbkk2a@axl/P2M/5ywykywz@ptbsi/Flipkart
22/06/2023,,1077.75,DR,16.2,UPI/lgwztgy9171s@okaxis/P2M/a0os68b4@paytm/Paytm
21/06/2023,,3110.01,CR,3126.21,UPI/3z3yrulzzxj3@ybl
21/06/2023,687288,1223.42,DR,1902.79,UPI/tug77yhfyt3r@paytm/P2M/q0zfydbm@ptbyl/AxisBank
21/06/2023,,2152.19,CR,4054.98,UPI/rtq1d1ss2y88@oksbi
21/06/2023,451488,1084.82,DR,2970.16,UPI/fycqrsg91svj@axl/P2M/vnvfrmph@paytm/VENNA
21/06/2023,,1269.26,DR,1700.9,UPI/87laxzgke80r@ybl/P2M/grpvjtuz@paytm/Airtel
21/06/2023,663254,235.62,DR,1465.28,UPI/x2kb469msahb@ybl/P2M/nx3wkift@ptbsi/Paytm
21/06/2023,244187,636.56,DR,828.72,UPI/oaf4k4n4t3rn@okhdfc/P2M/aeoaysot@ptbyl/Paytm
20/06/2023,603010,293.21,DR,535.51,UPI/jh0kny2p7a29@okaxis/P2M/3npywwg3@ptbyl/Chala
20/06/2023,,4986.97,CR,5522.48,UPI/rqkgjldg5z83@ybl
20/06/2023,,1022.61,DR,4499.87,UPI/xd3u6xdgcinp@axl/P2M/7ndijco2@paytm/Edara
20/06/2023,,703.69,DR,3796.18,UPI/edns6owkfq5y@ybl/P2M/stw3o6pw@paytm/VENNA
20/06/2023,626473,262.2,DR,3533.98,UPI/4ewjfe6gvgfk@okhdfc/P2M/vnbcvlq0@paytm/Chala
20/06/2023,,294.95,DR,3239.03,UPI/od44xfox0ydm@okhdfc/P2M/viq6fnw9@ptbyl/BigBazaar
20/06/2023,270710,482.54,DR,2756.49,UPI/l5j6qar3jf15@okaxis/P2M/evtaqrw3@ptbyl/Chala
20/06/2023,,2706.49,CR,5462.98,UPI/kduut3gsh74b@paytm
19/06/2023,281762,1009.62,DR,4453.36,UPI/beh5q5348hyk@ybl/P2M/y8d534tu@paytm/Amazon
19/06/2023,,607.91,DR,3845.45,UPI/48qg6wuvljfb@ybl/P2M/vjn55a35@ptbyl/VENNA
19/06/2023,714377,1133.26,DR,2712.19,UPI/xkjp5zg44rzg@paytm/P2M/wibq9evy@ptbyl/BigBazaar
19/06/2023,622720,500.76,DR,2211.43,UPI/1i03adsxh4p2@ybl/P2M/f828dzy2@ptbsi/Airtel
19/06/2023,,3493.49,CR,5704.92,UPI/y8yp396uqgig@okaxis
19/06/2023,355635,1374.83,DR,4330.09,UPI/oe73mwpj39pk@paytm/P2M/bu3t5f3l@ptbsi/Amazon
19/06/2023,,283.75,DR,4046.34,UPI/scigxtd6wljt@ybl/P2M/jzmvulpj@ptbyl/Flipkart
19/06/2023,,1425.36,DR,2620.98,UPI/zb2528k07rsi@paytm/P2M/p3rhqq69@oksbi/Chala
19/06/2023,,28.39,DR,2592.59,UPI/y4wdr0jgajyk@axl/P2M/22gplyyg@oksbi/Amazon
19/06/2023,,604.48,DR,1988.11,UPI/dtm2eyxchr9a@paytm/P2M/gj4ummob@ptbyl/Airtel
19/06/2023,805616,948.48,DR,1039.63,UPI/rpn0d3lchmp2@paytm/P2M/ewczzynr@ptbyl/VENNA
19/06/2023,,308.63,DR,731.0,UPI/8ju64zm70y0k@axl/P2M/j81w7jql@ptbsi/Amazon
19/06/2023,804245,1774.78,CR,2505.78,UPI/c1pfgqrqy7a3@paytm
19/06/2023,,654.83,DR,1850.95,UPI/vz4do1d0g7mw@okaxis/P2M/1zv2q8hd@ptbsi/Amazon
18/06/2023,473738,1324.66,CR,3175.61,UPI/arnt2po8w278@oksbi
18/06/2023,,809.96,DR,2365.65,UPI/ghl9aifltdsp@okaxis/P2M/5xgz774h@ptbsi/Airtel
18/06/2023,828756,945.89,DR,1419.76,UPI/zp6yqotxm92d@paytm/P2M/w31nrdf4@ptbyl/Paytm
18/06/2023,150185,1385.97,DR,33.79,UPI/cios4jkxs2o2@ybl/P2M/g71lu82e@ptbyl/AxisBank
18/06/2023,,1649.99,CR,1683.78,UPI/2wighk1zybln@axl
18/06/2023,,746.11,DR,937.67,UPI/mtzkqv7zh71s@okhdfc/P2M/lyt6z609@oksbi/AxisBank
18/06/2023,,870.45,DR,67.22,UPI/8msuvl415d9r@axl/P2M/h5wgbnhc@ptbyl/Amazon
17/06/2023,282366,1453.55,CR,1520.77,UPI/rxgtfimy7a86@ybl
17/06/2023,,862.58,DR,658.19,UPI/i6vonbr8ql3d@axl/P2M/72vz4ocx@ptbyl/Paytm
17/06/2023,,405.29,DR,252.9,UPI/cvpbin0x3msc@okaxis/P2M/f5bn8pjr@paytm/AxisBank
17/06/2023,981257,139.51,DR,113.39,UPI/8en8kkdxhldh@axl/P2M/z746dnsk@ptbyl/Chala
17/06/2023,,4171.16,CR,4284.55,UPI/9i1qqzig31ne@axl
17/06/2023,555468,698.46,DR,3586.09,UPI/vwbid1xh9lih@axl/P2M/7ir9t583@oksbi/Paytm
17/06/2023,677830,1126.05,DR,2460.04,UPI/v05y48csws92@axl/P2M/rht6ugse@ptbyl/Chala
17/06/2023,,404.38,DR,2055.66,UPI/72wqlqy9oexm@axl/P2M/3julr2e4@ptbsi/Amazon
16/06/2023,,895.97,DR,1159.69,UPI/oh6oqdmpzxlp@paytm/P2M/swle1qpr@ptbsi/Airtel
16/06/2023,654146,806.1,DR,353.59,UPI/b4ltkmm1ffvv@paytm/P2M/ouhesxo5@ptbsi/BigBazaar
16/06/2023,454760,162.32,DR,191.27,UPI/bou05nupvgkq@okhdfc/P2M/l6d7n83m@ptbsi/VENNA
16/06/2023,,1089.23,CR,1280.5,UPI/xfcgp6bbdts0@okhdfc
16/06/2023,672915,1048.21,DR,232.29,UPI/xteqxdpfuazn@ybl/P2M/yhitn68n@oksbi/VENNA
16/06/2023,439976,4140.61,CR,4372.9,UPI/8hqwo016kc5f@okhdfc
16/06/2023,,976.43,DR,3396.47,UPI/j2zbu60ist6d@paytm/P2M/pgcxpka0@paytm/Flipkart
16/06/2023,,788.48,DR,2607.99,UPI/f46qh37zeer1@okaxis/P2M/tqwm9txm@oksbi/BigBazaar
16/06/2023,,2351.4,CR,4959.39,UPI/rht5ef1tb6pj@okaxis
16/06/2023,,1261.19,DR,3698.2,UPI/8gcovd4jiv4u@ybl/P2M/dpwg347f@ptbyl/Flipkart
16/06/2023,,656.7,DR,3041.5,UPI/6xh76tuwbu25@ybl/P2M/y1kljasu@paytm/VENNA
15/06/2023,,3729.57,CR,6771.07,UPI/pl8azj3lkfum@oksbi
15/06/2023,,2617.98,CR,9389.05,UPI/qsg23jsi5bn5@paytm
15/06/2023,,4872.19,CR,14261.24,UPI/dlo25qmuthi0@okhdfc
15/06/2023,805739,195.34,DR,14065.9,UPI/jqs5qnpiw8yz@okhdfc/P2M/x0yo3jj9@ptbyl/BigBazaar
15/06/2023,,1331.71,DR,12734.19,UPI/h2fjkoukzwtt@paytm/P2M/1j3ltxxw@ptbsi/Chala
15/06/2023,,1442.27,DR,11291.92,UPI/dbmx17yib8ra@paytm/P2M/9tb6rbfl@paytm/VENNA
15/06/2023,,3698.06,CR,14989.98,UPI/ggpok3f7fx9j@paytm
15/06/2023,,1401.44,DR,13588.54,UPI/61f1fipebvk6@ybl/P2M/a5o8xxkn@ptbyl/Flipkart
15/06/2023,,11.65,DR,13576.89,UPI/u6fhaysg8hcs@okaxis/P2M/djwf2orc@ptbsi/Airtel
15/06/2023,424787,761.28,DR,12815.61,UPI/euflswlzq8bg@okaxis/P2M/y9f5x6vu@oksbi/Flipkart
15/06/2023,865779,882.85,DR,11932.76,UPI/ft0gwnz3s8h5@oksbi/P2M/aejbanv7@paytm/BigBazaar
15/06/2023,667640,680.6,DR,11252.16,UPI/8wvkyqpao32p@okaxis/P2M/i3lxcn9c@ptbyl/Airtel
15/06/2023,847700,241.46,DR,11010.7,UPI/y28qo1m337yb@ybl/P2M/okpejrle@ptbyl/Edara
15/06/2023,,347.95,DR,10662.75,UPI/g8kn4uxi91cj@axl/P2M/bprnvvrs@paytm/Paytm
14/06/2023,270927,340.62,DR,10322.13,UPI/hb6e5nyqj5gg@okaxis/P2M/uexpdlu1@oksbi/BigBazaar
14/06/2023,,1273.53,DR,9048.6,UPI/2le200g4c81u@okaxis/P2M/sxnayut3@paytm/AxisBank
14/06/2023,,16.61,DR,9031.99,UPI/fg9fsk2guw2y@oksbi/P2M/ncruz3r6@ptbsi/Flipkart
14/06/2023,,377.67,DR,8654.32,UPI/mwnilpnvjz9z@okhdfc/P2M/q2kkajah@oksbi/AxisBank
14/06/2023,,396.65,DR,8257.67,UPI/8pto8imjmstf@okhdfc/P2M/2ihz1qoe@ptbyl/Chala
14/06/2023,686663,15.34,DR,8242.33,UPI/u54zr1xea9n1@ybl/P2M/rd5xdin0@ptbsi/Airtel
14/06/2023,839719,1289.36,DR,6952.97,UPI/3i3oqelam3g6@okhdfc/P2M/ctd2s3w5@paytm/Paytm
14/06/2023,,1439.75,DR,5513.22,UPI/qv6wkqtf4l47@ybl/P2M/qa4hrq5n@ptbyl/VENNA
14/06/2023,179766,183.01,DR,5330.21,UPI/9wbes64purcb@axl/P2M/zurxi9gm@oksbi/Chala
14/06/2023,,1445.61,DR,3884.6,UPI/yvsr67ews1f5@axl/P2M/vqo79i73@ptbsi/Airtel
14/06/2023,688138,604.8,DR,3279.8,UPI/ffd1b21mx1lm@oksbi/P2M/oljbor9k@paytm/AxisBank
14/06/2023,,760.12,DR,2519.68,UPI/dks7d9by3w8e@oksbi/P2M/5l1ptlvs@ptbsi/AxisBank
14/06/2023,,1364.82,DR,1154.86,UPI/0ed9l1h0ud18@oksbi/P2M/l8bpjo39@ptbyl/AxisBank
14/06/2023,,10.89,DR,1143.97,UPI/3yzw6nq8chwi@paytm/P2M/nsbz2ocj@ptbyl/BigBazaar
13/06/2023,,415.48,DR,728.49,UPI/mz0eh2c766b4@paytm/P2M/kze8jzue@oksbi/Chala
13/06/2023,,196.6,DR,531.89,UPI/n48en62tud22@ybl/P2M/c188f8x5@ptbyl/Paytm
13/06/2023,,204.01,DR,327.88,UPI/b2br0hfwb4dx@axl/P2M/y2bmub45@paytm/BigBazaar
13/06/2023,,3830.68,CR,4158.56,UPI/769231qanyru@okaxis
13/06/2023,,464.41,DR,3694.15,UPI/oa10fj2ur0sx@ybl/P2M/oj8q411z@ptbyl/VENNA
12/06/2023,144699,926.92,DR,2767.23,UPI/u572uf8t9prm@paytm/P2M/818cv1wz@oksbi/AxisBank
12/06/2023,,543.76,DR,2223.47,UPI/6t057baw5ykq@ybl/P2M/l1u8ls8k@oksbi/Amazon
12/06/2023,,557.47,DR,1666.0,UPI/ctesozq7plui@oksbi/P2M/7ufic1xh@ptbsi/Edara
12/06/2023,,700.78,DR,965.22,UPI/e26ijp216usj@okhdfc/P2M/76u5hiqh@ptbsi/Amazon
12/06/2023,,277.16,DR,688.06,UPI/kjx1ega89gww@paytm/P2M/7cpj1oq8@ptbsi/Chala
12/06/2023,375978,415.77,DR,272.29,UPI/99n5ez73irrc@okhdfc/P2M/ukv6gv7q@oksbi/BigBazaar
11/06/2023,163135,3109.66,CR,3381.95,UPI/r5h1qt4e4y0r@ybl
11/06/2023,,229.81,DR,3152.14,UPI/jnx3l1ejk551@paytm/P2M/fburxhu7@oksbi/BigBazaar
11/06/2023,,1468.53,DR,1683.61,UPI/7oiqi1btvl6o@axl/P2M/6xionzjn@oksbi/VENNA
11/06/2023,,558.93,DR,1124.68,UPI/9phjwqyk5g7l@paytm/P2M/33vfzchp@ptbyl/Airtel
11/06/2023,,1034.95,DR,89.73,UPI/7yyhcylftyqs@ybl/P2M/3ob5mwej@ptbsi/Paytm
10/06/2023,,29.3,DR,60.43,UPI/ohkgr8rxhi8q@okhdfc/P2M/zlooc6io@paytm/BigBazaar
10/06/2023,,2827.14,CR,2887.57,UPI/0jqp0ymx65wf@oksbi
10/06/2023,,126.23,DR,2761.34,UPI/n23glgwhk3hr@paytm/P2M/p1uykl93@paytm/Edara
09/06/2023,724047,1263.09,DR,1498.25,UPI/2r94sfhwtjnd@okhdfc/P2M/4fp5jxif@paytm/Flipkart
09/06/2023,,1188.81,DR,309.44,UPI/07jh56qa08o9@oksbi/P2M/c4f8nbph@oksbi/AxisBank
09/06/2023,,4430.92,CR,4740.36,UPI/fmjim242hxx4@okaxis
09/06/2023,,2525.04,CR,7265.4,UPI/an4sxgaaz3iu@axl
09/06/2023,503711,1152.51,DR,6112.89,UPI/rpdy76fwdjj0@paytm/P2M/606j6f87@ptbsi/Flipkart
09/06/2023,,1492.16,DR,4620.73,UPI/8hr3e1e80t93@okaxis/P2M/94y0nv2h@oksbi/Chala
09/06/2023,498058,326.37,DR,4294.36,UPI/qhd7i14myco0@paytm/P2M/3gy9lc3k@oksbi/Airtel
09/06/2023,,76.66,DR,4217.7,UPI/bdiwzrriykya@oksbi/P2M/i44x42pi@ptbyl/VENNA
09/06/2023,,943.13,DR,3274.57,UPI/acpm1861b7mi@okhdfc/P2M/wir9jrev@paytm/Edara
09/06/2023,,2924.85,CR,6199.42,UPI/tmdrka9f8x8c@okaxis
09/06/2023,506374,1248.77,DR,4950.65,UPI/9ofmakmd3s0n@paytm/P2M/6926jzzp@oksbi/VENNA
09/06/2023,443654,776.66,DR,4173.99,UPI/dd4gbu2rffvu@oksbi/P2M/cktvk2dg@ptbsi/AxisBank
09/06/2023,757613,934.47,DR,3239.52,UPI/qb28qrb1v4ly@oksbi/P2M/sdnemgmi@paytm/Paytm
08/06/2023,,186.89,DR,3052.63,UPI/xsl8yllh348d@okhdfc/P2M/pm39bcgz@ptbyl/Airtel
08/06/2023,,516.45,DR,2536.18,UPI/afkvk6wnxe2e@oksbi/P2M/5e5mtwn4@ptbsi/Amazon
08/06/2023,,387.07,CR,2923.25,UPI/rqxsci04j3xj@oksbi
08/06/2023,,116.02,DR,2807.23,UPI/r3abnth0fr6i@paytm/P2M/sooj20xr@ptbyl/Amazon
08/06/2023,,1467.24,DR,1339.99,UPI/z9qjc2ek7772@paytm/P2M/qiot4one@ptbsi/Paytm
08/06/2023,767767,1268.11,DR,71.88,UPI/qrvg9i32km3e@paytm/P2M/koh0gf2v@ptbyl/BigBazaar
08/06/2023,871462,4736.22,CR,4808.1,UPI/dp42t69dctl3@oksbi
08/06/2023,,374.82,DR,4433.28,UPI/0ijczno3pcop@okhdfc/P2M/zeeq6lae@ptbsi/BigBazaar
08/06/2023,675210,1178.71,DR,3254.57,UPI/67280p7fn874@okhdfc/P2M/dignmtxp@paytm/VENNA
08/06/2023,,2629.99,CR,5884.56,UPI/grn2vdigfyn7@paytm
08/06/2023,,775.29,DR,5109.27,UPI/f9p6jtvsw24n@paytm/P2M/tbjs033w@paytm/Flipkart
08/06/2023,111672,1043.92,DR,4065.35,UPI/7gbm5vdezu3w@ybl/P2M/faxbkyr4@oksbi/Edara
08/06/2023,,762.04,CR,4827.39,UPI/umpu8zrsjnm6@ybl
07/06/2023,134035,1239.41,DR,3587.98,UPI/f81w1h7f1tma@oksbi/P2M/2oods1ne@oksbi/VENNA
07/06/2023,252789,567.82,DR,3020.16,UPI/uedvv0bdp2sx@oksbi/P2M/l4cstbvy@ptbyl/Paytm
07/06/2023,,1436.19,CR,4456.35,UPI/1yr2qfhlvv1r@oksbi
07/06/2023,,973.77,DR,3482.58,UPI/20hmtpn9ss3a@axl/P2M/x9piusk9@ptbsi/Paytm
07/06/2023,143417,1244.87,DR,2237.71,UPI/ylu94k2sw2wg@paytm/P2M/t1w9zkey@ptbsi/Amazon
07/06/2023,,971.33,DR,1266.38,UPI/m2drpm9jektd@oksbi/P2M/zq1x11uf@ptbsi/AxisBank
07/06/2023,842060,543.75,DR,722.63,UPI/7l5ubbljwr81@okhdfc/P2M/5gbqiods@ptbsi/VENNA
07/06/2023,,621.74,DR,100.89,UPI/o9uh7i7pmhjr@axl/P2M/mws8jeth@ptbyl/Flipkart
07/06/2023,,264.87,CR,365.76,UPI/bjc1aovabdw1@okaxis
06/06/2023,576117,2834.44,CR,3200.2,UPI/v8jum8gg69e6@okhdfc
06/06/2023,995936,304.02,DR,2896.18,UPI/3gs50r47jdqo@oksbi/P2M/9s30ktho@paytm/Airtel
06/06/2023,,110.37,DR,2785.81,UPI/2i9cnlwn7zki@axl/P2M/fu0hcuct@paytm/Paytm
06/06/2023,,438.77,DR,2347.04,UPI/jjnje43p0k32@axl/P2M/apamclfu@ptbyl/Chala
06/06/2023,817747,1018.77,DR,1328.27,UPI/qnq6u48fjjap@oksbi/P2M/00axbbhs@ptbyl/Airtel
06/06/2023,,1132.64,DR,195.63,UPI/wuv937x1o7zs@okaxis/P2M/bpfhcxp0@ptbsi/Edara
06/06/2023,,127.12,DR,68.51,UPI/vzih0nrbbq6r@okaxis/P2M/ktxbiyo5@oksbi/Amazon
06/06/2023,776430,3402.48,CR,3470.99,UPI/ij0v83sis8hu@axl
05/06/2023,217746,1992.82,CR,5463.81,UPI/8hhgflx7l1jv@oksbi
05/06/2023,733623,3208.88,CR,8672.69,UPI/yutdhjen4zq3@paytm
05/06/2023,,3692.47,CR,12365.16,UPI/f0gzornlzspk@okhdfc
05/06/2023,768823,1469.11,DR,10896.05,UPI/ttzb9i6ze7jk@oksbi/P2M/7jdccgvx@ptbsi/Paytm
05/06/2023,220443,495.31,DR,10400.74,UPI/4nd1me87fz2w@paytm/P2M/mhpd3jqg@ptbyl/BigBazaar
05/06/2023,,837.9,DR,9562.84,UPI/480ey6pvmy7e@ybl/P2M/qnxudpxn@ptbyl/BigBazaar
05/06/2023,,900.67,DR,8662.17,UPI/4pgrlywnl8jf@paytm/P2M/waisy6b9@ptbyl/AxisBank
05/06/2023,683590,4468.54,CR,13130.71,UPI/wmzvdgza292z@ybl
05/06/2023,,247.61,DR,12883.1,UPI/mdvglwz3ncx2@axl/P2M/3kloyd5e@paytm/Edara
05/06/2023,,223.61,DR,12659.49,UPI/jsxg07xf0vhy@paytm/P2M/1nhgltas@ptbyl/Paytm
05/06/2023,816657,3148.15,CR,15807.64,UPI/qzw57wq7ihpd@ybl
05/06/2023,,128.73,DR,15678.91,UPI/6t6lobbtkw3d@axl/P2M/4knkfmgz@oksbi/Edara
05/06/2023,,575.25,DR,15103.66,UPI/c74ciwou8rm1@okhdfc/P2M/lzb4bf2i@ptbyl/Flipkart
05/06/2023,,239.82,DR,14863.84,UPI/urn0tqxsjvvk@ybl/P2M/njuahaug@paytm/Amazon
04/06/2023,959990,1241.8,DR,13622.04,UPI/3pfmrbn1hzu3@okaxis/P2M/wna5tgr5@paytm/Chala
04/06/2023,,4501.75,CR,18123.79,UPI/h1t26cddd18r@okaxis
04/06/2023,,1022.61,DR,17101.18,UPI/glqlod0zsdns@paytm/P2M/b1d6v19f@paytm/BigBazaar
04/06/2023,807158,608.35,CR,17709.53,UPI/f8xlbe3drvky@okhdfc
04/06/2023,,1067.93,DR,16641.6,UPI/1nj6r7lmjfql@ybl/P2M/m12cl25b@ptbyl/Paytm
04/06/2023,,984.66,DR,15656.94,UPI/zw5us6mmxkse@oksbi/P2M/odfy3rbm@oksbi/Edara
04/06/2023,755475,1231.86,DR,14425.08,UPI/y0l0i6ljld8z@paytm/P2M/vxe3r5bj@ptbsi/VENNA
04/06/2023,560678,3582.69,CR,18007.77,UPI/v0u3jtbww2mo@okhdfc
04/06/2023,,709.76,CR,18717.53,UPI/w78miezomwl2@paytm
04/06/2023,640164,426.93,DR,18290.6,UPI/et5tmnonvbe6@okaxis/P2M/qj71avqb@oksbi/Amazon
04/06/2023,891434,3265.83,CR,21556.43,UPI/6ge9ni3wpa36@okaxis
04/06/2023,,3231.52,CR,24787.95,UPI/w6vtajx2y2yi@okhdfc
04/06/2023,774959,1017.42,DR,23770.53,UPI/r4bim9rll8cr@okaxis/P2M/8rj23gkd@paytm/Flipkart
04/06/2023,,853.35,DR,22917.18,UPI/oinmn1x0zcmg@oksbi/P2M/680ekkxy@paytm/Airtel
03/06/2023,404778,1063.77,DR,21853.41,UPI/ja8bk8fvnexj@axl/P2M/f2w4yppl@ptbyl/Chala
03/06/2023,,188.35,DR,21665.06,UPI/u54udgoza7xd@paytm/P2M/9qa346j0@paytm/Airtel
03/06/2023,,1377.82,DR,20287.24,UPI/a3n8xu1lemr8@axl/P2M/va5sql61@paytm/Amazon
03/06/2023,562018,2147.32,CR,22434.56,UPI/698r3c4sg61c@okhdfc
03/06/2023,,407.87,DR,22026.69,UPI/r85umck8cs4b@ybl/P2M/belgzbqt@ptbsi/BigBazaar
03/06/2023,807786,27.52,DR,21999.17,UPI/m57tjckjivyk@okaxis/P2M/cvt96866@paytm/VENNA
03/06/2023,544690,1411.24,DR,20587.93,UPI/dxbdchytr1ns@okhdfc/P2M/lnl2swcp@ptbyl/AxisBank
03/06/2023,,1257.11,DR,19330.82,UPI/g2ciq7reyg9i@okhdfc/P2M/d109y5mc@paytm/Flipkart
03/06/2023,805717,1437.73,DR,17893.09,UPI/vtqgob1ffr9l@paytm/P2M/gzm4u0p6@oksbi/AxisBank
03/06/2023,130118,145.2,DR,17747.89,UPI/f8muhcsgzmpp@paytm/P2M/7m4quihl@paytm/VENNA
03/06/2023,881807,66.71,DR,17681.18,UPI/cfkjz2dye7vs@ybl/P2M/j6sha6ok@ptbyl/VENNA
03/06/2023,860274,949.63,DR,16731.55,UPI/dcm6ry1k28tf@oksbi/P2M/1ftfuxsw@oksbi/Amazon
03/06/2023,222777,109.9,DR,16621.65,UPI/kf3wblgf5163@paytm/P2M/tmy6e7fq@ptbsi/Chala
03/06/2023,590708,325.72,DR,16295.93,UPI/tbudrcl31ojm@ybl/P2M/mrf5dkax@ptbyl/Amazon
02/06/2023,497751,996.61,DR,15299.32,UPI/9cl6ddlm181h@axl/P2M/mgwmnpw6@ptbyl/VENNA
02/06/2023,632649,1092.41,DR,14206.91,UPI/7jai4ghi5w9d@ybl/P2M/t2hcrtdb@ptbsi/VENNA
02/06/2023,608968,210.13,DR,13996.78,UPI/sd6tsgol2ilm@okhdfc/P2M/kaygc2xm@ptbyl/BigBazaar
02/06/2023,472788,865.72,DR,13131.06,UPI/kz13amjc52q6@oksbi/P2M/qt2bwbx3@oksbi/Airtel
02/06/2023,798766,1231.07,DR,11899.99,UPI/4adn97yvxc81@paytm/P2M/em50hfj5@paytm/Paytm
02/06/2023,,909.95,DR,10990.04,UPI/541sz7vuu1q5@axl/P2M/68cn59qq@ptbsi/Flipkart
02/06/2023,,249.62,DR,10740.42,UPI/mirsg8wdv8hc@okhdfc/P2M/stohyze8@ptbyl/Airtel
02/06/2023,666576,309.96,DR,10430.46,UPI/q6qmdmzbpvbq@axl/P2M/u05hlu9l@ptbyl/Paytm
02/06/2023,,799.23,DR,9631.23,UPI/halc8wzql998@paytm/P2M/29gp5ku7@paytm/Flipkart
02/06/2023,430283,525.04,DR,9106.19,UPI/net686cqcw7g@paytm/P2M/3x87rkih@ptbyl/Flipkart
02/06/2023,648275,1305.11,DR,7801.08,UPI/va47f5r1acr8@okhdfc/P2M/gyttb98f@ptbsi/VENNA
02/06/2023,,43.33,DR,7757.75,UPI/2srfxv0aegww@okaxis/P2M/egjj9wq9@ptbyl/Edara
02/06/2023,,2705.85,CR,10463.6,UPI/q0c22373xb69@paytm
02/06/2023,,997.62,DR,9465.98,UPI/lsj0jq28omf7@ybl/P2M/g6tnwggx@ptbyl/VENNA
01/06/2023,175243,1879.08,CR,11345.06,UPI/qbdg5tgxss6t@ybl
01/06/2023,300770,1292.79,DR,10052.27,UPI/0nujk7y7c1a7@axl/P2M/n5laofs3@ptbsi/Chala
01/06/2023,783314,1078.8,DR,8973.47,UPI/pxupyflsfpcm@okhdfc/P2M/zl2xf4ox@paytm/Paytm
01/06/2023,,742.34,DR,8231.13,UPI/bcvz7skyfuey@ybl/P2M/v5oumxdw@paytm/Airtel
01/06/2023,,1328.44,DR,6902.69,UPI/22yeknsw5nva@ybl/P2M/us3thlvo@ptbyl/AxisBank
01/06/2023,128100,553.0,DR,6349.69,UPI/6rln7mopkt76@oksbi/P2M/o5m9ebum@paytm/Amazon
01/06/2023,175475,413.25,DR,5936.44,UPI/5cnyol4gg1il@ybl/P2M/u4svgygg@oksbi/AxisBank
01/06/2023,,1061.85,DR,4874.59,UPI/ccjb052u8cw3@okaxis/P2M/dbmjy99e@paytm/Edara
01/06/2023,264401,992.5,DR,3882.09,UPI/xy9q0mfgerri@oksbi/P2M/hifdqymi@ptbyl/Paytm
01/06/2023,,1341.17,DR,2540.92,UPI/as2xf4no31w1@okaxis/P2M/8jspueai@paytm/Amazon
01/06/2023,,1181.19,DR,1359.73,UPI/6hpzamrwjfn0@okaxis/P2M/zk0709u8@oksbi/Flipkart
01/06/2023,,653.71,DR,706.02,UPI/2fd2ehy5wwqw@axl/P2M/ilskrter@ptbsi/Paytm
