Date,Instrument ID,Amount,Type,Balance,Remarks
31/12/2022,,3588.06,CR,4662.6,UPI/19qzbflqaaxv@okaxis
31/12/2022,,1283.11,DR,3379.49,UPI/tgx2io1tvbzs@paytm/P2M/07rb0w47@ptbsi/Amazon
31/12/2022,528351,74.84,DR,3304.65,UPI/mpu6ssmk50dx@okhdfc/P2M/6ixgxguy@ptbsi/Amazon
31/12/2022,,1314.95,DR,1989.7,UPI/k2fs8gwzwoyu@ybl/P2M/74mqkctv@paytm/Paytm
31/12/2022,,1191.24,DR,798.46,UPI/a610hbmxvt9z@okhdfc/P2M/o9ztptt0@ptbyl/Airtel
31/12/2022,568696,474.03,DR,324.43,UPI/pbou1n0ov5m6@axl/P2M/3om11j95@ptbsi/Chala
31/12/2022,,66.58,DR,257.85,UPI/2d7jzxk0pqvz@okhdfc/P2M/47fw9yii@ptbsi/VENNA
30/12/2022,,521.59,CR,779.44,UPI/nyz8vhnerb8g@okhdfc
30/12/2022,,122.33,DR,657.11,UPI/k3ku23cp5908@paytm/P2M/1vjamjip@ptbyl/Paytm
30/12/2022,463036,267.47,DR,389.64,UPI/dyudltofjc7n@axl/P2M/k5wx5jt7@ptbyl/VENNA
30/12/2022,829794,157.14,DR,232.5,UPI/0mwul0iyw2n3@okaxis/P2M/fcl69dqi@ptbsi/VENNA
30/12/2022,,32.42,DR,200.08,UPI/4ejebellpe6r@paytm/P2M/ujm9f6gl@ptbyl/VENNA
29/12/2022,,4468.08,CR,4668.16,UPI/1727u0otdzye@okhdfc
29/12/2022,,1132.07,CR,5800.23,UPI/q7o108q3751b@okhdfc
29/12/2022,,733.73,DR,5066.5,UPI/es3x9q6rnwzg@oksbi/P2M/52zt25co@paytm/AxisBank
29/12/2022,192037,760.59,DR,4305.91,UPI/1t6ex55mu2qs@paytm/P2M/hp9muwf7@paytm/Chala
29/12/2022,267076,308.86,DR,3997.05,UPI/g0qhc4u5wskz@oksbi/P2M/zjznz639@paytm/Amazon
29/12/2022,,1104.17,DR,2892.88,UPI/2vx4klrjszm1@okaxis/P2M/96umyrsq@ptbyl/BigBazaar
29/12/2022,,178.93,DR,2713.95,UPI/iblyik4ujc1o@okhdfc/P2M/8dvhp4rs@ptbyl/BigBazaar
28/12/2022,,1154.59,CR,3868.54,UPI/8r0wdco9k2qn@okhdfc
28/12/2022,,360.44,DR,3508.1,UPI/eyyr4ld17tsr@okaxis/P2M/aqwcczet@paytm/VENNA
28/12/2022,,1459.01,DR,2049.09,UPI/t98u1ccnpbzf@axl/P2M/pye7agbf@paytm/AxisBank
28/12/2022,,136.03,DR,1913.06,UPI/jam2kcpx0u51@ybl/P2M/0mlxq757@paytm/Amazon
28/12/2022,,834.48,DR,1078.58,UPI/qdjkvpfoj6ub@axl/P2M/yyiyg78f@ptbsi/Flipkart
28/12/2022,,998.97,DR,79.61,UPI/gk115irbojyd@paytm/P2M/4yf8nvgv@paytm/Edara
27/12/2022,,2424.65,CR,2504.26,UPI/cuiwfar0ldec@okhdfc
27/12/2022,,432.5,DR,2071.76,UPI/wju31e9v2dia@paytm/P2M/db4syv2m@ptbyl/Paytm
27/12/2022,182544,4246.8,CR,6318.56,UPI/5z7erch8uh5s@okaxis
27/12/2022,394809,1177.82,DR,5140.74,UPI/bshqilm25ft2@okaxis/P2M/o7t0n95p@ptbsi/BigBazaar
27/12/2022,,122.4,DR,5018.34,UPI/qicbb21eyl9u@oksbi/P2M/mrisfk8j@paytm/AxisBank
27/12/2022,,987.32,DR,4031.02,UPI/697ksiioi6fn@okhdfc/P2M/ec589wzq@ptbsi/Paytm
27/12/2022,,204.62,DR,3826.4,UPI/m5vn4frws6d6@axl/P2M/49aggmen@ptbyl/Paytm
27/12/2022,,382.58,DR,3443.82,UPI/0zc66oslxzm3@okaxis/P2M/a9eo4zv3@paytm/Edara
27/12/2022,,649.63,DR,2794.19,UPI/o6q8wdrp3xhm@axl/P2M/6p64nzl1@oksbi/Airtel
27/12/2022,225289,493.11,DR,2301.08,UPI/ps60ighsgrgm@okaxis/P2M/0sstotla@ptbyl/Amazon
26/12/2022,861605,1320.83,DR,980.25,UPI/5nknnktbiabk@axl/P2M/rotn1ts8@ptbyl/BigBazaar
26/12/2022,,626.92,DR,353.33,UPI/e4c8h48ek88w@axl/P2M/msgzzdln@ptbyl/Airtel
26/12/2022,282498,66.5,DR,286.83,UPI/8pd3fuaooeww@axl/P2M/0iyy4j54@ptbyl/BigBazaar
26/12/2022,509770,2133.71,CR,2420.54,UPI/op0u6q7obl7b@paytm
26/12/2022,,1051.25,DR,1369.29,UPI/olymakuxzw7u@okaxis/P2M/ck70f44l@oksbi/Flipkart
26/12/2022,,72.52,DR,1296.77,UPI/fpvxnisitr4u@ybl/P2M/5q56l646@paytm/Edara
26/12/2022,992109,272.23,DR,1024.54,UPI/6gxgknqj928o@ybl/P2M/f8iv0ym5@ptbsi/Airtel
26/12/2022,,11.7,DR,1012.84,UPI/szkvkhsm7bwk@paytm/P2M/wb25nfwe@ptbyl/Paytm
25/12/2022,,374.03,DR,638.81,UPI/7uf5mvdiovlm@paytm/P2M/xng323dl@paytm/Paytm
25/12/2022,,4520.72,CR,5159.53,UPI/laptk52s1388@ybl
25/12/2022,,452.87,DR,4706.66,UPI/88wy8t9n5phm@okaxis/P2M/e26qim26@oksbi/Paytm
25/12/2022,,4517.41,CR,9224.07,UPI/34okao4j1jv7@oksbi
25/12/2022,,1224.44,DR,7999.63,UPI/6lp8juc64x5h@ybl/P2M/z6m5o2q3@ptbsi/Chala
25/12/2022,,313.08,DR,7686.55,UPI/mb4o8larfhn0@okhdfc/P2M/qnike7ne@ptbsi/Amazon
25/12/2022,,213.62,DR,7472.93,UPI/mrvy1k79meno@axl/P2M/vyo0hzn2@oksbi/Flipkart
25/12/2022,,3109.42,CR,10582.35,UPI/y6lk6ceiugpe@okaxis
25/12/2022,,3176.15,CR,13758.5,UPI/c2w3y7cqatdj@okaxis
24/12/2022,,687.94,DR,13070.56,UPI/vagojykpszze@okhdfc/P2M/b9p636w7@paytm/BigBazaar
24/12/2022,584206,380.0,DR,12690.56,UPI/wr51zezm483d@ybl/P2M/2esiyb7x@oksbi/BigBazaar
24/12/2022,852731,1311.31,DR,11379.25,UPI/nj3tkdg8lil9@okaxis/P2M/i1751vrx@oksbi/VENNA
24/12/2022,,682.89,CR,12062.14,UPI/cp4xhe95ykrg@axl
24/12/2022,731686,1220.44,DR,10841.7,UPI/m4cwmshy6c9c@oksbi/P2M/lilaweyh@ptbyl/VENNA
24/12/2022,,1393.38,DR,9448.32,UPI/uejhd58ehnhc@okhdfc/P2M/l72qygi2@paytm/Edara
24/12/2022,598785,49.54,DR,9398.78,UPI/c2580t2v1epd@oksbi/P2M/liilvebs@ptbyl/BigBazaar
24/12/2022,,4299.4,CR,13698.18,UPI/rkvlb85hiry4@oksbi
24/12/2022,,3791.86,CR,17490.04,UPI/1edkvfd3w5rp@ybl
24/12/2022,,1001.74,DR,16488.3,UPI/ox9d7x0mjs2e@oksbi/P2M/g5f47iew@paytm/Flipkart
24/12/2022,,494.45,DR,15993.85,UPI/ys6vk9dbb85c@paytm/P2M/urk1ix4y@ptbsi/AxisBank
24/12/2022,821622,336.78,DR,15657.07,UPI/9i2w4dgm56jr@paytm/P2M/52jnne2h@ptbyl/Flipkart
23/12/2022,,324.53,DR,15332.54,UPI/5av29tdrsuc7@axl/P2M/hqypdlgd@ptbyl/Flipkart
23/12/2022,,1128.98,DR,14203.56,UPI/qpmds2w3ukuf@okaxis/P2M/y76pdk0m@ptbyl/BigBazaar
23/12/2022,,458.3,CR,14661.86,UPI/3qcn9npgomm2@axl
23/12/2022,438881,851.6,DR,13810.26,UPI/tfj9hifx6soj@oksbi/P2M/yhw5b5ak@ptbyl/Amazon
23/12/2022,791530,85.61,DR,13724.65,UPI/xbiovrijn5nk@paytm/P2M/rm1q91zn@oksbi/Edara
23/12/2022,,294.23,DR,13430.42,UPI/xku7w2dzz19b@paytm/P2M/41ylj8xm@ptbsi/Airtel
23/12/2022,,3630.03,CR,17060.45,UPI/qfccdt9d6c0f@axl
23/12/2022,,899.93,DR,16160.52,UPI/eljtjbbj30y9@okaxis/P2M/vqz14qeb@paytm/VENNA
23/12/2022,187490,1479.06,DR,14681.46,UPI/sld2of8gemd8@axl/P2M/n2m0lken@ptbyl/VENNA
23/12/2022,,131.43,DR,14550.03,UPI/6cdckzjqbk3a@okaxis/P2M/d7ivnek7@oksbi/BigBazaar
23/12/2022,660445,4395.27,CR,18945.3,UPI/xcvcvm699a4v@okhdfc
23/12/2022,,1476.12,DR,17469.18,UPI/91cescvml074@paytm/P2M/phchfr6p@ptbsi/Paytm
22/12/2022,,3538.52,CR,21007.7,UPI/sbg1amqwac94@axl
22/12/2022,,1203.64,DR,19804.06,UPI/7cm0w0p36oyt@axl/P2M/errgfs7q@paytm/AxisBank
22/12/2022,,684.38,DR,19119.68,UPI/0cjzel0x9av7@okhdfc/P2M/08dre319@ptbsi/BigBazaar
22/12/2022,,3033.57,CR,22153.25,UPI/ueit7yozti1g@oksbi
22/12/2022,376177,652.36,DR,21500.89,UPI/90oyiuog25uw@paytm/P2M/3e8kw2x1@paytm/BigBazaar
22/12/2022,,190.02,CR,21690.91,UPI/ls4j9p29wkjj@okaxis
22/12/2022,105290,1389.16,DR,20301.75,UPI/0bmri5b7glwq@okaxis/P2M/ftxip2pg@oksbi/VENNA
22/12/2022,689530,979.02,DR,19322.73,UPI/s93rnp8v1zyq@oksbi/P2M/qzq57343@ptbsi/Chala
22/12/2022,,874.19,DR,18448.54,UPI/21to3q1c8rez@ybl/P2M/cbepolra@paytm/Chala
22/12/2022,291863,535.26,DR,17913.28,UPI/rjb5ahhr2bap@ybl/P2M/m8gietdd@ptbsi/Chala
22/12/2022,520101,1173.73,DR,16739.55,UPI/w0pa241ma6th@okaxis/P2M/exbkdm73@oksbi/AxisBank
22/12/2022,,3778.04,CR,20517.59,UPI/1t0lfz7a63ut@oksbi
21/12/2022,,1365.46,DR,19152.13,UPI/im37sjo74ki4@okaxis/P2M/25nvxygs@ptbyl/Amazon
21/12/2022,,211.56,DR,18940.57,UPI/t62w1xmcwlpn@ybl/P2M/p00084oo@oksbi/Paytm
21/12/2022,769220,631.43,DR,18309.14,UPI/94s3imx069lj@okhdfc/P2M/adetq9lj@ptbsi/Flipkart
21/12/2022,,1465.58,DR,16843.56,UPI/y3bv5jh284gv@ybl/P2M/tn2333yw@ptbyl/BigBazaar
21/12/2022,928561,1051.19,DR,15792.37,UPI/5gslxga9w953@okhdfc/P2M/ykvvc9ge@ptbsi/Amazon
21/12/2022,,2743.54,CR,18535.91,UPI/412w304bo9h4@paytm
21/12/2022,,435.33,DR,18100.58,UPI/ygm47cqlab78@oksbi/P2M/f06ai9mo@paytm/Flipkart
21/12/2022,541486,418.4,DR,17682.18,UPI/rx5nbaygkiiv@axl/P2M/tlcgmy2v@paytm/Amazon
21/12/2022,,1197.66,CR,18879.84,UPI/2mkxd81x8zhz@okaxis
21/12/2022,162207,1417.13,DR,17462.71,UPI/aud4pnufbjvw@ybl/P2M/1nldqmr3@ptbsi/VENNA
21/12/2022,,2208.29,CR,19671.0,UPI/0d2ohmx1aph2@axl
21/12/2022,,1305.56,DR,18365.44,UPI/ruca3nkohawf@paytm/P2M/0iv6j1vd@ptbyl/AxisBank
20/12/2022,,131.25,DR,18234.19,UPI/l3qklwxekmrn@okhdfc/P2M/fs2fejy8@ptbsi/AxisBank
20/12/2022,,898.7,DR,17335.49,UPI/b2kcjma4c8cg@oksbi/P2M/nms05uci@ptbyl/AxisBank
20/12/2022,,2731.76,CR,20067.25,UPI/lwciw1eo6ffz@okhdfc
20/12/2022,,3626.79,CR,23694.04,UPI/5960nr55vwp8@okhdfc
20/12/2022,829766,787.7,DR,22906.34,UPI/bvzznyb43s6o@ybl/P2M/n6pw79r8@oksbi/Edara
20/12/2022,,767.65,DR,22138.69,UPI/c8e42nzxuj5n@axl/P2M/5y8hbd8f@paytm/AxisBank
20/12/2022,138191,3610.04,CR,25748.73,UPI/11qtpo1enhmc@okaxis
20/12/2022,,897.05,DR,24851.68,UPI/1iyanrwlm3lz@axl/P2M/ogyawkod@ptbyl/BigBazaar
20/12/2022,,451.86,DR,24399.82,UPI/h64u2i4wfy0h@okaxis/P2M/wahjlrfz@ptbyl/VENNA
20/12/2022,,1475.07,DR,22924.75,UPI/izg288ldmaax@ybl/P2M/291llaj4@oksbi/BigBazaar
20/12/2022,,1453.01,CR,24377.76,UPI/737jibauy7lb@okhdfc
20/12/2022,,1041.18,DR,23336.58,UPI/fvpr1usb5iu4@okaxis/P2M/7677jal7@ptbsi/Amazon
19/12/2022,664825,684.09,DR,22652.49,UPI/0ppm77gnct64@okhdfc/P2M/68jdtmoj@paytm/Edara
19/12/2022,,159.24,DR,22493.25,UPI/uz7biwjrt1t8@okhdfc/P2M/48odyu10@ptbsi/AxisBank
19/12/2022,,262.82,DR,22230.43,UPI/49sr7hpnlgjm@okhdfc/P2M/18ra2oa6@ptbyl/Amazon
19/12/2022,,3409.72,CR,25640.15,UPI/l1szu8rvg8au@axl
19/12/2022,581538,3901.45,CR,29541.6,UPI/z70qom9lc7x9@okhdfc
19/12/2022,,989.52,DR,28552.08,UPI/kl96iff6xj5l@oksbi/P2M/4w7hnylt@oksbi/Chala
19/12/2022,338339,1326.51,DR,27225.57,UPI/98bh1ijc3vuj@okhdfc/P2M/vmhfz47z@ptbsi/BigBazaar
19/12/2022,386144,4336.18,CR,31561.75,UPI/314xdcab32pj@okaxis
19/12/2022,,192.88,DR,31368.87,UPI/rthljx30cz4t@oksbi/P2M/fo9xo15m@ptbsi/Airtel
19/12/2022,,1455.13,DR,29913.74,UPI/95nee70m09sh@ybl/P2M/dmh56x72@ptbyl/Paytm
19/12/2022,,372.18,DR,29541.56,UPI/w7e9s1y0j7ih@axl/P2M/0ag3tyy3@ptbyl/Amazon
19/12/2022,696548,815.21,DR,28726.35,UPI/0w0icmu2rnsk@ybl/P2M/nm23jkbl@ptbsi/Chala
18/12/2022,173404,511.72,DR,28214.63,UPI/r78hcldvfsry@paytm/P2M/ellv6cof@oksbi/VENNA
18/12/2022,,32.6,DR,28182.03,UPI/6nh6ya5jnfsr@okaxis/P2M/r73zeyml@paytm/BigBazaar
18/12/2022,,627.93,DR,27554.1,UPI/28fj1oe8p71r@oksbi/P2M/ymlr47ti@paytm/BigBazaar
18/12/2022,,360.13,DR,27193.97,UPI/0d2n73cswass@okaxis/P2M/wbnvqfnn@ptbsi/Flipkart
18/12/2022,424850,1338.04,DR,25855.93,UPI/h6stg223bv71@axl/P2M/cftvocd8@ptbyl/Edara
18/12/2022,,309.69,DR,25546.24,UPI/ke7mjevefppi@axl/P2M/0q1a275y@ptbsi/Chala
18/12/2022,,404.97,DR,25141.27,UPI/vqglyq8uy3vl@okaxis/P2M/2hn5xwxb@ptbsi/Airtel
18/12/2022,,375.99,DR,24765.28,UPI/jw9lr2xqap1h@axl/P2M/7tpa9ouq@paytm/Edara
18/12/2022,,269.98,DR,24495.3,UPI/4cc0jhswb9r3@okhdfc/P2M/4d9tj7b2@paytm/Airtel
18/12/2022,,988.09,DR,23507.21,UPI/vl43gnx4d397@okaxis/P2M/dno0b7i1@oksbi/Airtel
18/12/2022,,1378.51,DR,22128.7,UPI/372cb8207fbi@paytm/P2M/06ypsn67@ptbsi/BigBazaar
18/12/2022,,1174.8,DR,20953.9,UPI/8wp9z6m4p5s9@paytm/P2M/mh7u222c@ptbsi/Amazon
17/12/2022,,1418.5,DR,19535.4,UPI/1cxak5ecc313@okaxis/P2M/0vxen3kv@ptbsi/Edara
17/12/2022,,340.5,DR,19194.9,UPI/g94cypimnuep@axl/P2M/9jftd07e@ptbsi/Amazon
17/12/2022,,505.26,DR,18689.64,UPI/wgxkn4dpwpv9@paytm/P2M/6fsmkfbk@paytm/Paytm
17/12/2022,622939,4821.52,CR,23511.16,UPI/qdprvrg4k4z1@paytm
17/12/2022,,1050.71,DR,22460.45,UPI/g3ppso8kapyj@paytm/P2M/ldw3vzmq@oksbi/Flipkart
17/12/2022,372544,1074.9,CR,23535.35,UPI/1nqc2uu5wav2@okhdfc
17/12/2022,,3900.38,CR,27435.73,UPI/u5qm62btmbxb@axl
17/12/2022,,2150.63,CR,29586.36,UPI/98o5is5cm6d8@okaxis
17/12/2022,294027,1006.85,DR,28579.51,UPI/h9iox7qc050v@axl/P2M/83vhg4p8@paytm/BigBazaar
17/12/2022,,765.63,CR,29345.14,UPI/yv5a863lkar4@paytm
17/12/2022,422196,1228.85,DR,28116.29,UPI/rsy3j8sfpm7r@oksbi/P2M/c6aqcci1@ptbsi/AxisBank
17/12/2022,369881,606.81,DR,27509.48,UPI/oe0ocmff36fw@ybl/P2M/rvbfv0tp@oksbi/BigBazaar
16/12/2022,,1138.6,DR,26370.88,UPI/af4d2ifjc0ja@ybl/P2M/znbfsltt@ptbyl/Chala
16/12/2022,106925,1160.36,DR,25210.52,UPI/9rt18vc1vour@okhdfc/P2M/cf5bq11n@ptbyl/Amazon
16/12/2022,322488,675.36,DR,24535.16,UPI/buj7b6569moz@ybl/P2M/hhsnvnyu@paytm/Airtel
16/12/2022,,200.6,DR,24334.56,UPI/zjcxtml03dgc@okaxis/P2M/hc6wift9@oksbi/VENNA
16/12/2022,,1302.2,DR,23032.36,UPI/brcv6f5i1n0w@ybl/P2M/111zzgxh@ptbsi/Chala
16/12/2022,,916.7,DR,22115.66,UPI/go1bn4xda9u0@axl/P2M/k0xlgwu1@ptbyl/Flipkart
16/12/2022,,941.68,DR,21173.98,UPI/321kx8mvtbfs@paytm/P2M/do2ru1wc@paytm/Airtel
16/12/2022,,646.62,DR,20527.36,UPI/k31gsoszo392@okaxis/P2M/o9o9hp1o@oksbi/BigBazaar
16/12/2022,510413,1345.84,DR,19181.52,UPI/1vdyrqut9hu9@axl/P2M/ydbqumi7@paytm/Airtel
16/12/2022,283561,773.17,DR,18408.35,UPI/oiuaej0qx0m9@oksbi/P2M/g7i9s3xi@ptbyl/Amazon
16/12/2022,414408,737.93,DR,17670.42,UPI/ur12pze6i92p@okhdfc/P2M/tqpr4zpn@oksbi/VENNA
16/12/2022,,27.53,DR,17642.89,UPI/oxh1hxn7gm6b@ybl/P2M/832slcp2@paytm/Edara
15/12/2022,,678.56,DR,16964.33,UPI/v6hmheb49h4o@okhdfc/P2M/axmp4og1@oksbi/Chala
15/12/2022,,1102.37,DR,15861.96,UPI/mzsyjvwjgzlm@okhdfc/P2M/582rge7x@oksbi/Amazon
15/12/2022,,537.48,DR,15324.48,UPI/a5iwttgqpax7@okaxis/P2M/el0uwmmm@ptbyl/Paytm
15/12/2022,,1368.76,DR,13955.72,UPI/iecqw2etgkz4@oksbi/P2M/21haraw7@ptbsi/Flipkart
15/12/2022,,14.91,DR,13940.81,UPI/uz3xrpsp5hhk@paytm/P2M/uf7xhgxb@oksbi/Flipkart
15/12/2022,,587.1,DR,13353.71,UPI/v8rx0ojobfhb@oksbi/P2M/3polozms@ptbyl/AxisBank
15/12/2022,921945,518.15,DR,12835.56,UPI/nvh4xx5nuudu@okaxis/P2M/aktoaad5@paytm/Edara
15/12/2022,952034,1250.73,CR,14086.29,UPI/czspujdwt23o@okhdfc
15/12/2022,,4187.3,CR,18273.59,UPI/3hhp3p0rbczf@okaxis
15/12/2022,885865,371.56,DR,17902.03,UPI/qoujgk1k3uwe@ybl/P2M/o6hjeo1c@oksbi/VENNA
15/12/2022,,815.33,DR,17086.7,UPI/5jk44h8ycg4d@paytm/P2M/bmgrnw4j@ptbsi/VENNA
15/12/2022,482242,699.64,CR,17786.34,UPI/t6m27k1jq5nv@axl
14/12/2022,,4382.2,CR,22168.54,UPI/rjv1p5ft75ir@oksbi
14/12/2022,799734,3391.76,CR,25560.3,UPI/rpw1caa2euvo@okhdfc
14/12/2022,,1113.68,DR,24446.62,UPI/p7wcgbbsasyj@paytm/P2M/br73bvdt@ptbsi/Amazon
14/12/2022,,497.53,CR,24944.15,UPI/2cgu9mzbhpj2@okhdfc
14/12/2022,,623.23,DR,24320.92,UPI/ve9dazgwq03f@ybl/P2M/ls7dbwj8@ptbyl/Airtel
14/12/2022,273480,247.89,CR,24568.81,UPI/uqog65166b79@paytm
14/12/2022,655960,540.94,DR,24027.87,UPI/dpii1cvnr06k@oksbi/P2M/u0pjkyt4@oksbi/Flipkart
14/12/2022,346413,18.24,DR,24009.63,UPI/1j7gg9tox1el@oksbi/P2M/bvcjoq0w@ptbyl/Amazon
14/12/2022,563972,257.04,DR,23752.59,UPI/6t7cey11tx4x@axl/P2M/xhe134zt@oksbi/Airtel
14/12/2022,661874,742.65,DR,23009.94,UPI/mdoxf9agfpww@ybl/P2M/iyfvcg2x@oksbi/Amazon
14/12/2022,304434,1278.07,DR,21731.87,UPI/0krdfw16a0bw@axl/P2M/j26mqhyq@paytm/Airtel
14/12/2022,,671.13,DR,21060.74,UPI/7zs0cyk8542y@paytm/P2M/fq95xruu@oksbi/AxisBank
13/12/2022,,1120.0,DR,19940.74,UPI/4zhjrqt8skuy@okhdfc/P2M/cd4a37as@paytm/Amazon
13/12/2022,,855.96,DR,19084.78,UPI/lt1n2o0vh5j9@okaxis/P2M/e31c7b2c@ptbyl/Edara
13/12/2022,791158,1333.58,DR,17751.2,UPI/ard9hrx5mp5a@okaxis/P2M/frd7m0am@ptbsi/Chala
13/12/2022,,1010.47,DR,16740.73,UPI/3d1rgkbqw174@axl/P2M/ua5yw3kx@oksbi/Paytm
13/12/2022,,1326.39,DR,15414.34,UPI/ppmc8k6owd9q@paytm/P2M/4wopebso@paytm/Edara
13/12/2022,153679,4046.67,CR,19461.01,UPI/e38t9axzzveh@ybl
13/12/2022,,997.63,DR,18463.38,UPI/f2la6q0rce6h@axl/P2M/w2zcvsai@ptbsi/Chala
13/12/2022,,544.44,DR,17918.94,UPI/1koi24ea605h@paytm/P2M/qrdc2jpl@ptbyl/Amazon
13/12/2022,750032,1321.91,DR,16597.03,UPI/l3y10bm37ozl@okhdfc/P2M/o8ht3zgq@oksbi/Paytm
13/12/2022,,247.92,DR,16349.11,UPI/9ufj8c7x7gjj@ybl/P2M/lr32k6zj@oksbi/BigBazaar
13/12/2022,,1179.48,DR,15169.63,UPI/zpaeeo21elsj@paytm/P2M/pkkn77uv@oksbi/Airtel
13/12/2022,524038,101.38,DR,15068.25,UPI/xq9bq58lrajy@oksbi/P2M/ujmw4yzg@ptbyl/Amazon
12/12/2022,507770,255.4,DR,14812.85,UPI/eb7ghrw3y47h@okaxis/P2M/niw9dkie@paytm/BigBazaar
12/12/2022,734792,482.62,DR,14330.23,UPI/h59adnh8yahq@paytm/P2M/oc73wo6t@oksbi/Airtel
12/12/2022,697624,567.37,CR,14897.6,UPI/gxpxl9y52tu8@paytm
12/12/2022,,536.11,DR,14361.49,UPI/gp9t4h5svpue@okhdfc/P2M/n49swxse@ptbyl/Flipkart
12/12/2022,,1187.76,DR,13173.73,UPI/dxmgunjr9aa3@okhdfc/P2M/nn6ymoo5@ptbyl/Amazon
12/12/2022,,275.28,DR,12898.45,UPI/67w5axmif0ta@okhdfc/P2M/kd766st2@ptbyl/Edara
12/12/2022,,382.9,DR,12515.55,UPI/l9pawvum4rpb@oksbi/P2M/qdjek4bj@ptbsi/Flipkart
12/12/2022,,956.89,DR,11558.66,UPI/k8tp3ow4q1z8@oksbi/P2M/ply2ya6n@oksbi/Flipkart
12/12/2022,795338,782.44,DR,10776.22,UPI/fjs7prznyh17@okaxis/P2M/7t6rvv2q@paytm/VENNA
12/12/2022,878583,471.29,DR,10304.93,UPI/e09vdx779grj@okaxis/P2M/ykldumcj@ptbsi/VENNA
12/12/2022,706685,765.28,DR,9539.65,UPI/hnhvktm6nvn6@ybl/P2M/p551u2xk@ptbyl/Airtel
12/12/2022,,3193.71,CR,12733.36,UPI/rccenpt6190m@ybl
11/12/2022,,2931.74,CR,15665.1,UPI/svyxwo6hdyzq@okhdfc
11/12/2022,467308,295.45,DR,15369.65,UPI/y892rd0nyvja@okaxis/P2M/13x4g8hn@ptbsi/AxisBank
11/12/2022,,834.11,DR,14535.54,UPI/8d7hjtmk98c5@okaxis/P2M/ro2yedie@oksbi/VENNA
11/12/2022,698000,21.29,DR,14514.25,UPI/l8sfj5o3736g@okhdfc/P2M/rst3tcke@ptbyl/AxisBank
11/12/2022,,1154.12,DR,13360.13,UPI/qmbk2gysvwc7@paytm/P2M/ph4f9g32@oksbi/Chala
11/12/2022,334436,539.64,DR,12820.49,UPI/mvp5ohczav3e@paytm/P2M/urz8itjn@ptbsi/VENNA
11/12/2022,,508.17,DR,12312.32,UPI/lbv92kirvwsy@axl/P2M/mblsomnb@ptbsi/Amazon
11/12/2022,,266.69,DR,12045.63,UPI/ov52thz91fqh@ybl/P2M/kki4xcm6@paytm/Paytm
11/12/2022,647591,811.42,DR,11234.21,UPI/9ecltlwnt6c1@okhdfc/P2M/ml83l44s@paytm/Amazon
11/12/2022,,960.41,DR,10273.8,UPI/sbo8z2bvyn3x@okaxis/P2M/fq2tjake@ptbyl/VENNA
11/12/2022,512341,336.66,DR,9937.14,UPI/j62jt4lsiv8m@okhdfc/P2M/db7sq84g@ptbsi/Amazon
11/12/2022,,1206.4,DR,8730.74,UPI/e0z68gmythkr@paytm/P2M/iz3gu306@paytm/Chala
10/12/2022,,1178.77,DR,7551.97,UPI/6yjjub7rcfk7@ybl/P2M/jymgnu0s@ptbsi/Amazon
10/12/2022,,1135.88,DR,6416.09,UPI/j87ijb9zv03d@okhdfc/P2M/j09gk0gl@paytm/Amazon
10/12/2022,,2792.44,CR,9208.53,UPI/0at7chl345lu@okhdfc
10/12/2022,210432,1232.24,DR,7976.29,UPI/gzzd74gldqve@paytm/P2M/rq0et76w@paytm/VENNA
10/12/2022,937304,117.92,DR,7858.37,UPI/cuay099f97l5@ybl/P2M/6vohfdrw@ptbsi/AxisBank
10/12/2022,,881.95,DR,6976.42,UPI/q9rdccsuiq6e@okhdfc/P2M/8x3ce1yq@paytm/Airtel
10/12/2022,580790,1249.55,DR,5726.87,UPI/4zxrr31h7zsw@oksbi/P2M/h0nd9f5l@paytm/Amazon
10/12/2022,308237,1340.05,CR,7066.92,UPI/9ttk9m86i8s8@paytm
10/12/2022,562603,943.73,DR,6123.19,UPI/9cx6a93o28km@oksbi/P2M/npuwndpj@oksbi/BigBazaar
10/12/2022,,965.96,DR,5157.23,UPI/zhy9njpo639a@okaxis/P2M/ib6ilqcc@paytm/Edara
10/12/2022,,910.7,DR,4246.53,UPI/1zddrwkjcai2@okaxis/P2M/uig22ulf@oksbi/Edara
10/12/2022,,3398.57,CR,7645.1,UPI/9x4l9grummq2@okaxis
09/12/2022,,498.64,CR,8143.74,UPI/onzjf95t24k0@okhdfc
09/12/2022,603098,1244.46,DR,6899.28,UPI/jvkjw40vhlsw@okaxis/P2M/ntj45iwy@oksbi/BigBazaar
09/12/2022,212383,202.05,DR,6697.23,UPI/bhdy0ych61lf@paytm/P2M/882w5z5c@ptbyl/Chala
09/12/2022,963823,837.83,DR,5859.4,UPI/is7me4x04i83@okhdfc/P2M/rvt9urku@ptbsi/VENNA
09/12/2022,,3256.38,CR,9115.78,UPI/gqhu32wlwnqw@paytm
09/12/2022,,1488.37,DR,7627.41,UPI/s6jczlddw52h@paytm/P2M/tth9e2vy@oksbi/BigBazaar
09/12/2022,,939.16,DR,6688.25,UPI/sm9wj7gqs7am@okaxis/P2M/qs0xi7jp@paytm/VENNA
09/12/2022,703345,218.52,DR,6469.73,UPI/ccnb3zd4otfa@okaxis/P2M/k1gerkft@oksbi/Chala
09/12/2022,958771,868.46,DR,5601.27,UPI/n9i91zxfdtli@ybl/P2M/x4vknysq@paytm/Amazon
09/12/2022,,69.33,DR,5531.94,UPI/bpxy6mqx1w32@ybl/P2M/sap150m0@oksbi/BigBazaar
09/12/2022,800024,860.62,DR,4671.32,UPI/u477jxzul2zk@oksbi/P2M/1oncjg0j@ptbsi/VENNA
09/12/2022,,125.35,DR,4545.97,UPI/csqt02khz844@axl/P2M/ewja7pxl@oksbi/Amazon
08/12/2022,,860.36,DR,3685.61,UPI/wpdksxawc30n@ybl/P2M/wafsr63n@paytm/Airtel
08/12/2022,647623,920.5,DR,2765.11,UPI/n6zrhkdf4zbe@oksbi/P2M/goor4odd@paytm/AxisBank
08/12/2022,817557,3635.46,CR,6400.57,UPI/tatl28haqa6o@ybl
08/12/2022,360039,1020.66,DR,5379.91,UPI/80z7rqln47ig@ybl/P2M/jn0ugzsz@ptbsi/Edara
08/12/2022,,1293.93,DR,4085.98,UPI/xsrsaip3k3ga@axl/P2M/xwjtg8y0@paytm/Amazon
08/12/2022,,1408.38,DR,2677.6,UPI/teluq0j5hlck@okhdfc/P2M/ryfdfka7@ptbsi/AxisBank
08/12/2022,,1053.85,DR,1623.75,UPI/10g5ueqp3wbp@oksbi/P2M/fnudkllt@ptbyl/Chala
08/12/2022,,448.84,DR,1174.91,UPI/uufx9ahh628y@oksbi/P2M/l3t029t5@ptbyl/Chala
08/12/2022,385712,4218.91,CR,5393.82,UPI/fpee1xujg12n@okhdfc
08/12/2022,789048,953.73,DR,4440.09,UPI/nf1st0ykir28@axl/P2M/djku7pro@paytm/Edara
08/12/2022,,10.54,DR,4429.55,UPI/1xy60zqeka3z@okaxis/P2M/cyq14hi7@oksbi/Airtel
08/12/2022,,1249.95,DR,3179.6,UPI/e9akidtp8lwf@ybl/P2M/coy3axlx@ptbyl/AxisBank
07/12/2022,333840,419.14,DR,2760.46,UPI/dnra7es2olty@oksbi/P2M/tyiyszyh@ptbsi/Flipkart
07/12/2022,,1097.86,CR,3858.32,UPI/gwjby5q1xyat@oksbi
07/12/2022,,528.79,DR,3329.53,UPI/mmfskqtypahd@okhdfc/P2M/sh3thtku@ptbyl/Flipkart
07/12/2022,,1289.46,DR,2040.07,UPI/avss59kzx3sx@ybl/P2M/pyznf1et@ptbsi/Airtel
07/12/2022,,123.89,DR,1916.18,UPI/8zt9rgonixfi@ybl/P2M/522ulng1@ptbyl/BigBazaar
07/12/2022,140238,1079.73,DR,836.45,UPI/3poyi7kol036@oksbi/P2M/gdgcvcqv@ptbyl/Chala
07/12/2022,,784.85,DR,51.6,UPI/95t4jl465qs2@okhdfc/P2M/anc875z2@paytm/Flipkart
06/12/2022,,2882.47,CR,2934.07,UPI/tm17ojh2d5mx@okhdfc
06/12/2022,603827,1353.56,DR,1580.51,UPI/xigtrfgmjl89@ybl/P2M/qb389ixn@oksbi/Chala
06/12/2022,,933.18,DR,647.33,UPI/7fb0kb0vw24r@okhdfc/P2M/bq79vlq1@ptbyl/Airtel
06/12/2022,,628.56,DR,18.77,UPI/npv2m65m1tig@ybl/P2M/wjaz0c84@paytm/Paytm
05/12/2022,,265.26,CR,284.03,UPI/aca161ou8z2g@axl
05/12/2022,314343,176.78,CR,460.81,UPI/eepo4gejjtoz@axl
04/12/2022,,433.35,DR,27.46,UPI/xbfy10zhms16@axl/P2M/rpxaq3x1@ptbsi/Airtel
04/12/2022,,3988.52,CR,4015.98,UPI/aaxhiqreemm3@ybl
04/12/2022,,276.7,DR,3739.28,UPI/rusn3kjs32ss@okhdfc/P2M/h0i56zyy@oksbi/Edara
04/12/2022,887095,1494.74,DR,2244.54,UPI/c4g504gjidxf@ybl/P2M/8jo5pi61@ptbsi/BigBazaar
04/12/2022,129476,815.42,DR,1429.12,UPI/8fria5nelx7c@paytm/P2M/mlj9kz81@paytm/VENNA
04/12/2022,509775,803.19,DR,625.93,UPI/t3d8xkm4wp1w@ybl/P2M/qgrpv9q2@ptbsi/VENNA
04/12/2022,,139.38,DR,486.55,UPI/lfg2me70m6h5@paytm/P2M/vno4uuf3@oksbi/BigBazaar
03/12/2022,,61.02,DR,425.53,UPI/0twoft4d8hrd@oksbi/P2M/elk4ide7@ptbsi/VENNA
03/12/2022,,1724.86,CR,2150.39,UPI/e9n07vc94yuv@ybl
03/12/2022,,1048.57,DR,1101.82,UPI/hvhd8wznm51l@ybl/P2M/chayjwnq@ptbsi/Edara
03/12/2022,832033,678.15,DR,423.67,UPI/owf4kckzj342@axl/P2M/bqpdxmi3@paytm/Edara
03/12/2022,,4149.13,CR,4572.8,UPI/ust5kqcla176@okaxis
03/12/2022,,164.5,DR,4408.3,UPI/yb7h38uxilv5@ybl/P2M/9rs1wcxr@ptbyl/VENNA
03/12/2022,,35.65,DR,4372.65,UPI/0ty5bemxc2ej@ybl/P2M/eursw4c3@oksbi/Amazon
03/12/2022,,1130.52,DR,3242.13,UPI/9k1xj5xnzqs2@paytm/P2M/vn2zf4ki@ptbyl/Chala
03/12/2022,,2655.92,CR,5898.05,UPI/dfarzot0wppx@axl
02/12/2022,,4332.3,CR,10230.35,UPI/dii6siow7to9@axl
02/12/2022,,32.89,DR,10197.46,UPI/hpwrvvj92fws@paytm/P2M/qil1oynl@ptbyl/AxisBank
02/12/2022,289220,287.1,DR,9910.36,UPI/zj4tg99pm3zk@oksbi/P2M/inxti7b0@oksbi/BigBazaar
02/12/2022,860322,417.12,DR,9493.24,UPI/qwsu6r9jhtvs@axl/P2M/c1mhrb3u@ptbsi/Flipkart
02/12/2022,,1393.78,DR,8099.46,UPI/fmd4dysbmuha@okhdfc/P2M/refajmrq@oksbi/Chala
02/12/2022,,1497.14,DR,6602.32,UPI/tffmhsv9wq27@okaxis/P2M/ebmdydy9@paytm/Flipkart
02/12/2022,484377,163.26,DR,6439.06,UPI/y1ujfwbje9tn@okaxis/P2M/oloy0lrh@oksbi/AxisBank
02/12/2022,,949.31,CR,7388.37,UPI/miqacyy442kh@okaxis
02/12/2022,,394.1,DR,6994.27,UPI/eqkovi5t7opb@ybl/P2M/oda19se9@oksbi/Flipkart
02/12/2022,394943,1025.67,DR,5968.6,UPI/fq1bshbtwqw7@paytm/P2M/ss19uto0@oksbi/AxisBank
02/12/2022,106027,782.97,DR,5185.63,UPI/t0mtpk85gg3r@axl/P2M/wh1vla4v@ptbyl/BigBazaar
02/12/2022,,339.27,DR,4846.36,UPI/offv1izhyc1s@okhdfc/P2M/ghvj6xta@paytm/AxisBank
01/12/2022,990347,254.68,DR,4591.68,UPI/aac83gz33a96@paytm/P2M/8xpfg84g@ptbsi/Airtel
01/12/2022,,348.09,DR,4243.59,UPI/bb85809aumsy@okhdfc/P2M/gdyu5dvd@ptbsi/VENNA
01/12/2022,,384.52,DR,3859.07,UPI/4uvkugwkb88p@paytm/P2M/0gs8vcm4@oksbi/Chala
01/12/2022,108828,1870.64,CR,5729.71,UPI/8hbunip6lr6b@oksbi
01/12/2022,,557.29,DR,5172.42,UPI/msvq3ah5d348@okhdfc/P2M/vjk6eejk@oksbi/BigBazaar
01/12/2022,620175,1140.43,DR,4031.99,UPI/pejdjj8mm0dc@paytm/P2M/ug7gzd71@ptbyl/Paytm
01/12/2022,,495.27,DR,3536.72,UPI/bhfxbjosooej@okhdfc/P2M/8nul3crx@ptbsi/Amazon
01/12/2022,,56.8,DR,3479.92,UPI/k61ai4bd4r9c@okaxis/P2M/huzetyjm@oksbi/Chala
01/12/2022,,144.13,DR,3335.79,UPI/cbellpt3u8r3@paytm/P2M/bqxufs77@ptbyl/BigBazaar
01/12/2022,,1171.73,DR,2164.06,UPI/76nsukj6gevw@ybl/P2M/jisqfkvi@oksbi/Flipkart
01/12/2022,526112,223.54,DR,1940.52,UPI/ubc3ddb7ppyq@oksbi/P2M/e6pwxh8l@oksbi/Chala
01/12/2022,,2012.57,CR,3953.09,UPI/hkb5wdx8w147@axl
30/11/2022,,1093.19,DR,2859.9,UPI/awtutqtpk8ev@okaxis/P2M/fsmdz1hh@paytm/Flipkart
30/11/2022,,3742.77,CR,6602.67,UPI/yf73tbekewaj@ybl
30/11/2022,880245,974.84,DR,5627.83,UPI/c6fc56knf6gz@okaxis/P2M/1bwnxupq@ptbsi/Edara
30/11/2022,971825,281.98,DR,5345.85,UPI/b3c4fg48tnt0@oksbi/P2M/wf5mm0k4@oksbi/VENNA
30/11/2022,700011,650.29,DR,4695.56,UPI/29qrb97qy887@paytm/P2M/pyw71yn6@ptbsi/VENNA
30/11/2022,697760,684.62,DR,4010.94,UPI/q757fmpgifyk@okaxis/P2M/qy0glnuf@oksbi/Chala
30/11/2022,,823.22,DR,3187.72,UPI/byctz4h84gbz@okhdfc/P2M/1ax7cayb@ptbsi/Airtel
30/11/2022,,512.47,DR,2675.25,UPI/j6v1t4axkyuy@okaxis/P2M/pjjnc6b6@oksbi/Paytm
30/11/2022,,3776.12,CR,6451.37,UPI/27dmllhhpdcp@okaxis
30/11/2022,,1023.67,DR,5427.7,UPI/vh6n46pwpkkj@okhdfc/P2M/7jxf3ny6@ptbsi/Amazon
30/11/2022,,944.14,DR,4483.56,UPI/8f6aexo6zhlt@paytm/P2M/5cwgwshd@paytm/Edara
30/11/2022,,120.01,DR,4363.55,UPI/qbn2pbvg4ndl@oksbi/P2M/viav6g3u@ptbsi/Chala
29/11/2022,,604.45,DR,3759.1,UPI/qhf0bvkzr9in@paytm/P2M/lgctuubj@paytm/Amazon
29/11/2022,198130,746.88,DR,3012.22,UPI/s4torj81ca1h@ybl/P2M/kw5cqffo@paytm/BigBazaar
29/11/2022,833671,418.05,DR,2594.17,UPI/feofhfefg94n@okhdfc/P2M/u2aygkht@ptbsi/Edara
29/11/2022,,229.41,DR,2364.76,UPI/ogcke2am31en@okhdfc/P2M/ljnmn9vj@ptbsi/AxisBank
29/11/2022,554343,915.56,DR,1449.2,UPI/cl3hzyw78ced@okhdfc/P2M/eliyi2au@oksbi/Chala
29/11/2022,,1443.16,DR,6.04,UPI/n7p3l0yj6u4l@oksbi/P2M/zc0zsqz0@oksbi/AxisBank
29/11/2022,405445,1635.17,CR,1641.21,UPI/l1epixwj9aze@axl
28/11/2022,,1382.32,DR,258.89,UPI/0xocsfbjb4o8@ybl/P2M/117uvgug@ptbsi/Paytm
28/11/2022,962737,1908.14,CR,2167.03,UPI/xcm3myanj01h@okaxis
28/11/2022,,1329.17,DR,837.86,UPI/eo5tu2imvs6a@okhdfc/P2M/5rvtl7t3@oksbi/BigBazaar
28/11/2022,998549,2402.45,CR,3240.31,UPI/78gxbdt1q35n@axl
28/11/2022,,913.63,DR,2326.68,UPI/yppddm08a48c@okaxis/P2M/hp07a4zg@oksbi/BigBazaar
28/11/2022,,642.87,DR,1683.81,UPI/glfbqp1sldnz@oksbi/P2M/ih90rw7c@ptbyl/Chala
28/11/2022,,1371.15,DR,312.66,UPI/f1auon1u5k4u@ybl/P2M/0semd21q@oksbi/VENNA
28/11/2022,140227,289.7,DR,22.96,UPI/wlx9048mihew@oksbi/P2M/o7nackzv@ptbsi/AxisBank
27/11/2022,,3005.63,CR,3028.59,UPI/ypisvtzd3rpt@oksbi
27/11/2022,,1368.79,DR,1659.8,UPI/od2q4x88pxdq@paytm/P2M/bfvp1b3m@ptbyl/VENNA
27/11/2022,325748,155.35,DR,1504.45,UPI/tpcsex1wjrhx@oksbi/P2M/4s4lfm6y@ptbsi/Flipkart
27/11/2022,747796,917.62,DR,586.83,UPI/90vo5azzop6i@ybl/P2M/htutdimv@ptbsi/Airtel
26/11/2022,,2044.93,CR,2631.76,UPI/5knp0rqw24y1@axl
26/11/2022,,289.94,CR,2921.7,UPI/pfg2jhcjsq02@okaxis
26/11/2022,,1230.53,DR,1691.17,UPI/60hv14bll81f@axl/P2M/af8d7jpq@oksbi/AxisBank
26/11/2022,693243,67.42,DR,1623.75,UPI/ui46jcbmoaeo@oksbi/P2M/pskedcpe@paytm/Chala
26/11/2022,,81.32,DR,1542.43,UPI/v7b6ak17mchf@paytm/P2M/8pfy18rt@paytm/Flipkart
26/11/2022,550466,592.16,DR,950.27,UPI/z3kzvu1r4zht@oksbi/P2M/70hqom63@oksbi/Amazon
26/11/2022,,593.76,DR,356.51,UPI/bk3a9cw2rrb6@axl/P2M/ctijiz4w@paytm/AxisBank
26/11/2022,,199.73,DR,156.78,UPI/esi6ovbq3xj8@ybl/P2M/r9ozpylx@oksbi/Amazon
26/11/2022,426872,4565.4,CR,4722.18,UPI/4u1nudefc8j0@axl
26/11/2022,,462.9,DR,4259.28,UPI/wco60h5szbw1@okhdfc/P2M/rs9r559h@ptbyl/Paytm
26/11/2022,,65.15,DR,4194.13,UPI/2hthbjlgn28c@paytm/P2M/n3pyxclv@paytm/VENNA
25/11/2022,754892,225.05,DR,3969.08,UPI/62l1tygd44k1@paytm/P2M/cx2rmy77@ptbyl/Paytm
25/11/2022,,26.84,DR,3942.24,UPI/r7mememgdmbu@ybl/P2M/13r04bnh@ptbyl/Edara
25/11/2022,,951.76,DR,2990.48,UPI/mjo5u03wuk6p@oksbi/P2M/ikg6t635@paytm/Airtel
25/11/2022,,914.88,DR,2075.6,UPI/r93cybv10cqv@ybl/P2M/7au75jj8@paytm/VENNA
25/11/2022,,367.1,DR,1708.5,UPI/543ras4byez9@okhdfc/P2M/3zo071ub@paytm/Airtel
25/11/2022,,397.44,DR,1311.06,UPI/0xm1smfsxb0v@paytm/P2M/d6acsq3e@ptbsi/Chala
25/11/2022,,1153.99,CR,2465.05,UPI/ze8sct7bzqfj@okhdfc
25/11/2022,532755,4915.43,CR,7380.48,UPI/7v7cck45cv41@okaxis
25/11/2022,,321.57,DR,7058.91,UPI/syrbbjotkqp5@oksbi/P2M/twsjebmc@ptbsi/Chala
25/11/2022,623993,444.0,DR,6614.91,UPI/ytg5655ai4gn@okaxis/P2M/utgngbe1@ptbsi/AxisBank
25/11/2022,955650,2807.74,CR,9422.65,UPI/37wjr0hfsbi3@paytm
25/11/2022,,146.81,DR,9275.84,UPI/7i3nxu1zwwzr@okaxis/P2M/682v200h@ptbyl/Chala
24/11/2022,,640.95,DR,8634.89,UPI/kfbx3jxrop2q@okaxis/P2M/429xd433@ptbyl/VENNA
24/11/2022,,925.64,DR,7709.25,UPI/m51g5o239cob@okhdfc/P2M/x62okyxx@paytm/AxisBank
24/11/2022,,1205.78,DR,6503.47,UPI/fetk9ieq56e6@okaxis/P2M/7my2q1ga@ptbsi/Chala
24/11/2022,809427,1096.7,DR,5406.77,UPI/fimjt7lnfwq3@okhdfc/P2M/wkz641uj@oksbi/Flipkart
24/11/2022,995493,524.89,DR,4881.88,UPI/plmwvco0kedn@ybl/P2M/lt573feg@ptbsi/Chala
24/11/2022,,147.38,DR,4734.5,UPI/e0l321l5n2ni@oksbi/P2M/pxkxfsaq@paytm/Amazon
24/11/2022,,330.28,DR,4404.22,UPI/hq9m9owlladt@ybl/P2M/zrtrvq1r@ptbsi/Edara
24/11/2022,,155.74,DR,4248.48,UPI/htc62yzt2p2f@ybl/P2M/7j2d642j@paytm/BigBazaar
24/11/2022,,103.36,DR,4145.12,UPI/las9hqq6cnuc@axl/P2M/9llujud7@oksbi/Edara
24/11/2022,838239,1173.95,DR,2971.17,UPI/6d0q7bk22q74@okhdfc/P2M/wldpqgix@ptbsi/Edara
24/11/2022,,1102.03,DR,1869.14,UPI/0qeb3815sosy@okhdfc/P2M/gylqmjyy@paytm/Amazon
24/11/2022,,1080.76,DR,788.38,UPI/brr30b5hubi6@axl/P2M/dv5a0i2w@paytm/AxisBank
23/11/2022,,564.31,DR,224.07,UPI/4skutkahnxyt@okhdfc/P2M/bfmc8ecy@oksbi/VENNA
23/11/2022,813023,3777.75,CR,4001.82,UPI/kq7g1pbsfn6y@okaxis
23/11/2022,142277,737.19,DR,3264.63,UPI/7xsx9vnaokiv@axl/P2M/owmfwhbd@ptbyl/Flipkart
23/11/2022,984119,1742.41,CR,5007.04,UPI/c2663plu988q@paytm
23/11/2022,766504,482.34,DR,4524.7,UPI/dhdu0e6xe37b@paytm/P2M/uel97g80@oksbi/Airtel
23/11/2022,,418.98,DR,4105.72,UPI/fw8444lxlaux@okaxis/P2M/72lc4u1i@ptbsi/BigBazaar
23/11/2022,,274.47,DR,3831.25,UPI/xc5c7ikh7yf1@oksbi/P2M/vy5wdjfm@oksbi/Airtel
22/11/2022,,1308.26,DR,2522.99,UPI/rdmoo7i9l90k@okaxis/P2M/gqwfxt72@ptbyl/Edara
22/11/2022,227989,1177.3,DR,1345.69,UPI/qip5dgylxcrk@okaxis/P2M/9nh45g5x@paytm/Amazon
22/11/2022,818248,646.36,DR,699.33,UPI/fpqowqtfst1x@oksbi/P2M/vcb24cqo@ptbyl/Airtel
22/11/2022,,16.46,DR,682.87,UPI/79bj0memblf5@okaxis/P2M/3b61ik04@ptbyl/BigBazaar
22/11/2022,436378,4389.51,CR,5072.38,UPI/bi2nl1zxu57m@okaxis
22/11/2022,211401,1017.5,DR,4054.88,UPI/dnphu3utlvbi@okaxis/P2M/knl9ksmo@paytm/Airtel
22/11/2022,,685.21,DR,3369.67,UPI/pb9htextzpp0@oksbi/P2M/he6rouim@oksbi/VENNA
22/11/2022,,389.51,DR,2980.16,UPI/b7lpq4ovp7dy@axl/P2M/0leyogrf@ptbsi/BigBazaar
22/11/2022,,446.9,DR,2533.26,UPI/smy7w7dxqzml@axl/P2M/69cf492w@ptbyl/Paytm
22/11/2022,574355,253.31,DR,2279.95,UPI/bvkzqaty84nn@ybl/P2M/0egdwjcr@paytm/Airtel
21/11/2022,,4133.11,CR,6413.06,UPI/5ffw6zggfmni@oksbi
21/11/2022,510281,1382.85,DR,5030.21,UPI/vmasqextts08@okaxis/P2M/o04c43ji@oksbi/BigBazaar
21/11/2022,959077,773.02,DR,4257.19,UPI/x03hbewdscy0@paytm/P2M/ydeag5oc@ptbyl/Amazon
21/11/2022,,55.74,DR,4201.45,UPI/9yatu0yrped1@oksbi/P2M/adanvyff@ptbsi/VENNA
21/11/2022,,1467.63,DR,2733.82,UPI/bjd1n05jgks4@axl/P2M/h8oq40r1@paytm/Amazon
21/11/2022,,1117.94,DR,1615.88,UPI/oybsqjg1ls1r@ybl/P2M/gbmouuva@ptbyl/AxisBank
21/11/2022,,608.68,DR,1007.2,UPI/4dn3hly1lhwf@oksbi/P2M/vrbm46xx@ptbyl/Edara
21/11/2022,,142.6,DR,864.6,UPI/vpn21kmjxmn8@okaxis/P2M/9upwg3gi@paytm/VENNA
21/11/2022,,780.42,DR,84.18,UPI/kstra0jtezef@okhdfc/P2M/an4u4vk4@paytm/Edara
21/11/2022,,3660.79,CR,3744.97,UPI/pslg23g53yu5@paytm
21/11/2022,957628,912.9,DR,2832.07,UPI/aju9hrftz8h8@okaxis/P2M/1h5du57e@ptbsi/Edara
20/11/2022,,676.74,DR,2155.33,UPI/j4xw96b8ubid@axl/P2M/cahond01@paytm/BigBazaar
20/11/2022,,219.98,CR,2375.31,UPI/pasf825tjjdk@paytm
20/11/2022,521094,259.78,DR,2115.53,UPI/snht8aa5jfed@axl/P2M/pxd6odx2@oksbi/Amazon
20/11/2022,,3218.31,CR,5333.84,UPI/blr0rf7ctjig@paytm
20/11/2022,703683,915.35,DR,4418.49,UPI/85gb0bqgjeql@axl/P2M/gkewlv8z@ptbsi/Amazon
20/11/2022,335874,250.4,DR,4168.09,UPI/zqhqecxixv5c@okhdfc/P2M/fnyvvu2t@oksbi/AxisBank
20/11/2022,592964,497.59,DR,3670.5,UPI/6jytful2ic28@ybl/P2M/rqme52gp@paytm/Paytm
20/11/2022,477244,2208.23,CR,5878.73,UPI/v3pxchf4ugh0@paytm
20/11/2022,,371.55,DR,5507.18,UPI/w9oybwrpxfh3@axl/P2M/85m6g37x@ptbyl/Edara
20/11/2022,,202.88,DR,5304.3,UPI/g14urssnqhel@okhdfc/P2M/wt688k7z@ptbyl/Amazon
20/11/2022,,2389.09,CR,7693.39,UPI/3kb1u7c6621v@axl
20/11/2022,,20.97,DR,7672.42,UPI/mdtyyyoap9as@okaxis/P2M/juxiybpi@ptbyl/BigBazaar
19/11/2022,510345,2434.02,CR,10106.44,UPI/puapf6rlprxz@paytm
19/11/2022,,102.18,DR,10004.26,UPI/3m6opufdamgw@okhdfc/P2M/nwh5arzy@ptbsi/AxisBank
19/11/2022,707017,1353.07,DR,8651.19,UPI/ssvoyqhiu8zs@axl/P2M/1jixdwv6@ptbsi/BigBazaar
19/11/2022,,823.65,DR,7827.54,UPI/0294atlf8bor@ybl/P2M/dvnnfn9j@ptbyl/Flipkart
19/11/2022,261159,343.17,DR,7484.37,UPI/0ybs54v7iugt@oksbi/P2M/fgirxhto@oksbi/Airtel
19/11/2022,,1355.13,DR,6129.24,UPI/4u58g4yha104@ybl/P2M/py6gki0h@paytm/VENNA
19/11/2022,,505.23,DR,5624.01,UPI/cryk03kk8cv3@okaxis/P2M/5ck4gq1h@paytm/VENNA
19/11/2022,,779.2,DR,4844.81,UPI/6ghlqck8po88@okaxis/P2M/kcwh0qcg@ptbsi/BigBazaar
19/11/2022,976175,175.65,DR,4669.16,UPI/nvtm87ujhht6@paytm/P2M/ltj8nvgb@ptbyl/Airtel
19/11/2022,798825,1341.2,DR,3327.96,UPI/mxdmyk5db2uo@okaxis/P2M/w67wvl0h@paytm/Airtel
19/11/2022,,3191.85,CR,6519.81,UPI/eefc1mdrablf@ybl
19/11/2022,,2461.1,CR,8980.91,UPI/p6aulxgl39iy@okaxis
18/11/2022,,4410.08,CR,13390.99,UPI/u732t18thxql@oksbi
18/11/2022,,349.59,DR,13041.4,UPI/g0hjvoismgds@ybl/P2M/iwgu3uvb@oksbi/BigBazaar
18/11/2022,312766,934.75,DR,12106.65,UPI/w9bmvb9x3qql@ybl/P2M/725n5qdr@oksbi/Flipkart
18/11/2022,,1335.9,DR,10770.75,UPI/02i4ep8r29h7@okaxis/P2M/od6yqnvx@ptbsi/Airtel
18/11/2022,151202,154.11,DR,10616.64,UPI/1txs9apsde8p@okhdfc/P2M/yvb4wms0@ptbsi/Chala
18/11/2022,482745,360.41,DR,10256.23,UPI/nj0fv74fgf7z@oksbi/P2M/qxbky2q4@ptbsi/BigBazaar
18/11/2022,981930,1108.96,DR,9147.27,UPI/2w872rwk2xf0@oksbi/P2M/zmpwbuk3@oksbi/Amazon
18/11/2022,854155,1036.99,DR,8110.28,UPI/3kol5melb4kd@ybl/P2M/rm8jcvhc@paytm/Airtel
18/11/2022,913507,3564.65,CR,11674.93,UPI/x68jcte5ei2q@ybl
18/11/2022,128790,1498.54,DR,10176.39,UPI/l1tm3w0xj5bj@axl/P2M/9zlnkbkd@ptbyl/Flipkart
18/11/2022,927677,360.45,DR,9815.94,UPI/n9hctpnjpea5@okhdfc/P2M/oic369bf@ptbyl/Flipkart
18/11/2022,563756,226.42,CR,10042.36,UPI/uoylzpl2lbsc@axl
17/11/2022,,1217.63,DR,8824.73,UPI/0awo9d1n36u5@okaxis/P2M/0uz7yh3f@ptbsi/BigBazaar
17/11/2022,,119.18,DR,8705.55,UPI/p9vz1zks3n48@okhdfc/P2M/iz5zbsc5@ptbyl/Paytm
17/11/2022,,957.85,DR,7747.7,UPI/27q7t9689wbn@axl/P2M/4xnhzdey@ptbyl/Paytm
17/11/2022,645239,2189.02,CR,9936.72,UPI/chultaju1d1k@okaxis
17/11/2022,,795.15,DR,9141.57,UPI/ukgqowgh1m5a@okhdfc/P2M/usgzuanx@paytm/Paytm
17/11/2022,436725,861.25,DR,8280.32,UPI/g22xrdawkwfd@ybl/P2M/735ae960@ptbsi/Airtel
17/11/2022,,694.09,DR,7586.23,UPI/6a1qfnmqrke6@okaxis/P2M/f0jjwkmj@oksbi/Flipkart
17/11/2022,,537.5,DR,7048.73,UPI/lm7s4q1zpg5x@paytm/P2M/un21a1k8@oksbi/VENNA
17/11/2022,,791.95,DR,6256.78,UPI/8ib1xuyqt8q9@okaxis/P2M/ujv6y233@ptbyl/Airtel
17/11/2022,523406,1295.97,DR,4960.81,UPI/u1aktcwoq2o3@paytm/P2M/ydsvlcpr@ptbsi/AxisBank
17/11/2022,354335,1060.11,CR,6020.92,UPI/he416ywu91b9@axl
17/11/2022,,473.93,DR,5546.99,UPI/k6h0viqacrbn@paytm/P2M/vnywemlg@paytm/Amazon
16/11/2022,,312.61,DR,5234.38,UPI/gmgdxuiosc5r@ybl/P2M/ru7z3xak@paytm/VENNA
16/11/2022,,1426.4,DR,3807.98,UPI/9k1iiidtetfy@paytm/P2M/1feh6ke2@paytm/Chala
16/11/2022,,1276.19,DR,2531.79,UPI/jroatf90hdbc@okhdfc/P2M/4687j3d3@ptbyl/VENNA
16/11/2022,,1457.54,DR,1074.25,UPI/4pvl18pza409@okaxis/P2M/rejcs5ac@oksbi/Airtel
16/11/2022,,992.5,DR,81.75,UPI/5giyy3nejwn2@oksbi/P2M/2ogi7gzw@paytm/AxisBank
15/11/2022,605544,2655.89,CR,2737.64,UPI/61roqvq844au@oksbi
15/11/2022,318749,688.97,CR,3426.61,UPI/5wy3ryhdk1y5@ybl
15/11/2022,547053,209.71,CR,3636.32,UPI/96ve11ij1xr4@axl
15/11/2022,349054,564.93,DR,3071.39,UPI/wxml27bywr1w@okaxis/P2M/oipaf2uw@ptbsi/Edara
15/11/2022,928361,632.99,DR,2438.4,UPI/gncwhrbh05qf@ybl/P2M/o7vihg6n@paytm/Airtel
15/11/2022,,112.04,DR,2326.36,UPI/4bvc160qnhcz@okhdfc/P2M/z199mel6@ptbyl/AxisBank
15/11/2022,,489.0,CR,2815.36,UPI/362ehusnv03s@paytm
15/11/2022,,792.85,DR,2022.51,UPI/sbttqowkjke4@paytm/P2M/x3ya6kjz@ptbyl/Edara
15/11/2022,,674.41,CR,2696.92,UPI/4oru6nsolo14@oksbi
15/11/2022,,1487.41,DR,1209.51,UPI/4miew6q2nxau@paytm/P2M/dyodiepg@paytm/BigBazaar
15/11/2022,,3780.01,CR,4989.52,UPI/xy1pygpdgp6q@ybl
14/11/2022,,43.28,DR,4946.24,UPI/6ccsa380moop@okhdfc/P2M/6tt20yge@ptbyl/VENNA
14/11/2022,816617,860.98,DR,4085.26,UPI/3sjwuyoeyvfh@ybl/P2M/s452tj67@paytm/Edara
14/11/2022,,351.27,DR,3733.99,UPI/chtsx711g4yk@okaxis/P2M/s5gpwoyz@oksbi/Edara
14/11/2022,,3529.07,CR,7263.06,UPI/z5pgs67s4tqe@oksbi
14/11/2022,,1007.95,DR,6255.11,UPI/ountnhoy4v35@okhdfc/P2M/zs42tzut@ptbsi/Flipkart
14/11/2022,,636.95,DR,5618.16,UPI/qk0aa9mcl5a2@okaxis/P2M/yvxoj46a@oksbi/Edara
14/11/2022,,1068.33,DR,4549.83,UPI/pv1rxjx1h5so@axl/P2M/gdlggsui@ptbsi/Chala
14/11/2022,,684.78,DR,3865.05,UPI/g89p9ljptcdf@ybl/P2M/db2k4ry6@paytm/Chala
14/11/2022,,4849.71,CR,8714.76,UPI/fekwmzhuj5bj@ybl
14/11/2022,363257,603.4,DR,8111.36,UPI/9flygc23bsey@ybl/P2M/fod6ikeo@ptbsi/AxisBank
14/11/2022,784840,1028.76,DR,7082.6,UPI/31qikw8a3gyp@okaxis/P2M/vc4fv7fb@paytm/Chala
14/11/2022,952929,313.11,DR,6769.49,UPI/5c4ep3kgpbjc@okaxis/P2M/y3ik6r7o@oksbi/Amazon
13/11/2022,,516.64,DR,6252.85,UPI/7uhw4zx23lb7@okhdfc/P2M/oni2fc5l@ptbyl/Flipkart
13/11/2022,,1231.1,DR,5021.75,UPI/qe06w45tfodh@okaxis/P2M/qv6z493i@ptbyl/AxisBank
13/11/2022,,107.44,DR,4914.31,UPI/5bibgiuajnvt@paytm/P2M/fxmzyogu@paytm/Edara
13/11/2022,,640.32,DR,4273.99,UPI/tcdgik6qq6lo@okaxis/P2M/s512m5nx@ptbsi/BigBazaar
13/11/2022,401638,18.19,DR,4255.8,UPI/kx3prk59p0ll@axl/P2M/c0yln52g@ptbsi/AxisBank
13/11/2022,334564,1219.51,DR,3036.29,UPI/f2usahq82mdj@oksbi/P2M/kvmg21np@oksbi/Paytm
13/11/2022,,356.85,DR,2679.44,UPI/ylvp64g4im0l@oksbi/P2M/d4aw80iv@ptbsi/Amazon
13/11/2022,,608.96,DR,2070.48,UPI/qb27mbaw3czl@ybl/P2M/r112cd50@paytm/Amazon
13/11/2022,514883,1238.14,DR,832.34,UPI/zkvaosi6uulk@axl/P2M/o2g432nt@ptbsi/Flipkart
13/11/2022,998805,512.14,DR,320.2,UPI/v8b1g3d2nsvy@oksbi/P2M/6nto7r5g@oksbi/Edara
12/11/2022,330053,77.2,DR,243.0,UPI/s6vvakb5lx5f@okhdfc/P2M/v95jk15d@ptbsi/Flipkart
12/11/2022,,880.54,CR,1123.54,UPI/cpzz7mun9pk5@oksbi
12/11/2022,,4580.6,CR,5704.14,UPI/7mefreza78bo@ybl
12/11/2022,221384,922.59,DR,4781.55,UPI/qj30qj9y1hhy@ybl/P2M/6tj4mmdy@ptbyl/Flipkart
12/11/2022,265659,153.75,DR,4627.8,UPI/p0abgmcvv97t@okaxis/P2M/ggfak8fr@ptbyl/BigBazaar
12/11/2022,,4579.55,CR,9207.35,UPI/mbh3tvadnbs7@oksbi
12/11/2022,123457,736.11,DR,8471.24,UPI/zua2avl29t95@axl/P2M/k5fcepf2@ptbyl/Paytm
12/11/2022,,27.63,DR,8443.61,UPI/192ly9sx63yt@axl/P2M/aa0dlidr@ptbyl/Flipkart
12/11/2022,613508,4259.62,CR,12703.23,UPI/ql944ojqg3lm@oksbi
12/11/2022,238361,1065.05,DR,11638.18,UPI/vv4zj4rrfw7n@paytm/P2M/zxrkndtd@ptbyl/BigBazaar
12/11/2022,,1310.45,DR,10327.73,UPI/49qdmqrg36im@oksbi/P2M/270qoz23@paytm/Airtel
11/11/2022,,218.13,DR,10109.6,UPI/6v2o76xj2ak8@okaxis/P2M/8kf3nasa@ptbsi/Amazon
11/11/2022,,503.79,DR,9605.81,UPI/ydtkf0t41kzc@ybl/P2M/5uteaebb@ptbsi/Airtel
11/11/2022,782065,92.89,DR,9512.92,UPI/2w3zwi472u8g@oksbi/P2M/ie51q0zr@paytm/Edara
11/11/2022,,1460.07,DR,8052.85,UPI/ujnk19uo2cyh@oksbi/P2M/6273dud8@oksbi/BigBazaar
11/11/2022,101537,3890.88,CR,11943.73,UPI/pcbjn8llm474@paytm
11/11/2022,,889.42,DR,11054.31,UPI/vylnbzanfbxn@ybl/P2M/w68kznux@ptbsi/Flipkart
11/11/2022,190992,811.92,DR,10242.39,UPI/2ufrsu6nms0u@okhdfc/P2M/6inxa7uz@ptbsi/Edara
11/11/2022,,527.76,DR,9714.63,UPI/81mbf7g49bse@okhdfc/P2M/9kujbcqk@oksbi/Amazon
11/11/2022,,315.18,DR,9399.45,UPI/qs83ud1lreuy@okhdfc/P2M/q15auhwk@ptbyl/Paytm
11/11/2022,,416.71,DR,8982.74,UPI/08jdmxo1g9ed@axl/P2M/a005wsxg@ptbyl/AxisBank
11/11/2022,,137.53,DR,8845.21,UPI/dqa5e2jhcqhe@okaxis/P2M/bljy8brb@ptbyl/Flipkart
11/11/2022,624586,1347.79,DR,7497.42,UPI/i27uxo4oe284@okhdfc/P2M/hdhxzrqq@oksbi/Chala
10/11/2022,,1092.05,DR,6405.37,UPI/xn4tyf38kiiu@paytm/P2M/dtgj9sqr@ptbsi/Airtel
10/11/2022,,369.97,DR,6035.4,UPI/khn8kec1vaz2@axl/P2M/q5jsl1a0@paytm/Chala
10/11/2022,216060,610.38,DR,5425.02,UPI/o0439b488wco@axl/P2M/agl5go7e@paytm/VENNA
10/11/2022,,634.87,DR,4790.15,UPI/4bbwcjajiq2c@axl/P2M/6ow10nt8@paytm/Chala
10/11/2022,,1483.05,DR,3307.1,UPI/rcuxjqdx8bbs@okaxis/P2M/jte08q4f@paytm/Chala
10/11/2022,353693,2928.1,CR,6235.2,UPI/1myaxcwa7yim@axl
10/11/2022,,1263.37,CR,7498.57,UPI/wys3a8spyr8s@axl
10/11/2022,,1380.45,DR,6118.12,UPI/v4ou9c7nmfzl@okaxis/P2M/jtr8pebu@ptbsi/Edara
10/11/2022,287278,1192.75,DR,4925.37,UPI/01a7afeajvk5@okaxis/P2M/n45wk2ql@paytm/Amazon
10/11/2022,,640.06,DR,4285.31,UPI/go5vq9iw4kyt@ybl/P2M/vdqcw36l@ptbsi/Airtel
10/11/2022,571307,649.24,DR,3636.07,UPI/cnupkbfo0ybz@okhdfc/P2M/xka4iin0@oksbi/AxisBank
09/11/2022,,2712.2,CR,6348.27,UPI/ydk94qyummu8@okaxis
09/11/2022,884181,473.42,DR,5874.85,UPI/235t5ese9cdm@okhdfc/P2M/yrllrnsp@paytm/Flipkart
09/11/2022,990226,3934.44,CR,9809.29,UPI/d53wrxi9tytw@ybl
09/11/2022,,3904.37,CR,13713.66,UPI/w8xunxviiwb5@axl
09/11/2022,595628,22.86,DR,13690.8,UPI/40zok66y770k@oksbi/P2M/dcrcr9ko@paytm/Edara
09/11/2022,932693,1290.1,CR,14980.9,UPI/4az1kps8ovdl@ybl
09/11/2022,,1189.97,DR,13790.93,UPI/mr2cwjm97p09@paytm/P2M/aeog2md0@paytm/Amazon
09/11/2022,484550,886.91,DR,12904.02,UPI/wql17d31u97p@oksbi/P2M/ik5nl2bs@ptbyl/Amazon
09/11/2022,565052,3773.24,CR,16677.26,UPI/sr7ljo644av3@ybl
09/11/2022,609156,1059.46,DR,15617.8,UPI/feiaiyjhr4z3@paytm/P2M/t3boz8jz@ptbsi/Chala
09/11/2022,821334,1439.85,DR,14177.95,UPI/14wox44t4wo6@axl/P2M/d86w18vf@oksbi/Flipkart
08/11/2022,798045,410.81,DR,13767.14,UPI/5mvvy9745gmn@ybl/P2M/dm3zsgze@ptbsi/Edara
08/11/2022,664406,819.11,DR,12948.03,UPI/iolhdldz0lsw@okhdfc/P2M/kig4mtqc@oksbi/Chala
08/11/2022,,478.2,DR,12469.83,UPI/weikj23fjt8t@axl/P2M/n2kzuv85@oksbi/Amazon
08/11/2022,,930.1,DR,11539.73,UPI/hr14xhad28kx@axl/P2M/wun2x4n9@ptbsi/Airtel
08/11/2022,,307.23,DR,11232.5,UPI/e6sbxk5rnbxs@ybl/P2M/l3fo603i@ptbyl/VENNA
08/11/2022,,1411.3,CR,12643.8,UPI/iuiszkjf3r66@okaxis
08/11/2022,125431,882.25,DR,11761.55,UPI/972b911vq42x@paytm/P2M/hicbzo70@ptbsi/Chala
08/11/2022,897113,1193.89,DR,10567.66,UPI/jy538end4qwf@okhdfc/P2M/uoqflcjg@ptbsi/Amazon
08/11/2022,,1227.8,DR,9339.86,UPI/n1izm9mperwt@ybl/P2M/5mpjz72a@paytm/Paytm
08/11/2022,,243.04,DR,9096.82,UPI/wbsui0o3bnrr@oksbi/P2M/5bqj2xc4@ptbyl/Flipkart
08/11/2022,,1194.92,DR,7901.9,UPI/88kmy7eqfzg8@axl/P2M/l3tfhkgp@ptbsi/VENNA
07/11/2022,,2054.3,CR,9956.2,UPI/qkn9f0nchqtr@axl
07/11/2022,175441,128.61,DR,9827.59,UPI/zpanip3x00u5@paytm/P2M/31gcdpcn@oksbi/VENNA
07/11/2022,,2641.9,CR,12469.49,UPI/kku3eu197rki@okaxis
07/11/2022,870214,149.61,DR,12319.88,UPI/l8tbcpzebzji@okhdfc/P2M/jgh73l6x@oksbi/Chala
07/11/2022,,1329.13,DR,10990.75,UPI/f1sjzpu9t1oi@axl/P2M/rlb7d4mx@ptbsi/Chala
07/11/2022,,195.64,DR,10795.11,UPI/dx2b89hq8km5@axl/P2M/zafbmhfa@oksbi/Airtel
07/11/2022,,1607.35,CR,12402.46,UPI/wwilvwg5p993@axl
07/11/2022,,1316.41,DR,11086.05,UPI/fg81q6dt3zhb@okhdfc/P2M/n1f5ufw9@ptbsi/BigBazaar
07/11/2022,,1758.26,CR,12844.31,UPI/66w9fiit54wm@okaxis
07/11/2022,902784,972.72,DR,11871.59,UPI/we6n1x64wkxo@axl/P2M/fjiffniy@ptbyl/AxisBank
07/11/2022,,434.89,DR,11436.7,UPI/9bh8botuqppy@paytm/P2M/rf5mfalh@paytm/BigBazaar
06/11/2022,396564,1431.63,DR,10005.07,UPI/7kdtol0uipwb@okaxis/P2M/xl6rhvke@ptbyl/Flipkart
06/11/2022,,73.62,DR,9931.45,UPI/xva7czcbs2r3@okhdfc/P2M/9w74o4rp@ptbsi/Paytm
06/11/2022,849252,1221.5,DR,8709.95,UPI/jnhzs4w3g225@paytm/P2M/12wra0ge@paytm/Edara
06/11/2022,,532.87,CR,9242.82,UPI/a2l5j17mgwyp@oksbi
06/11/2022,707274,345.96,DR,8896.86,UPI/5q1x1hq21v69@paytm/P2M/1yg0h7z0@paytm/Airtel
06/11/2022,,3845.49,CR,12742.35,UPI/fkjpvgtz8hmt@axl
06/11/2022,,528.75,DR,12213.6,UPI/ueglcb35fmuq@okaxis/P2M/082hxtls@ptbyl/VENNA
06/11/2022,815240,4897.27,CR,17110.87,UPI/ehiea1nhtda9@ybl
06/11/2022,,876.32,DR,16234.55,UPI/ofa7ygn9p9v7@paytm/P2M/qoebfj33@ptbyl/Edara
06/11/2022,778105,864.69,DR,15369.86,UPI/teyy6eqmsl6m@ybl/P2M/76j8r9m7@ptbyl/AxisBank
06/11/2022,807026,809.82,DR,14560.04,UPI/gtjx1xafgj1x@okaxis/P2M/8yhfx2hf@paytm/Edara
05/11/2022,,196.01,DR,14364.03,UPI/fe2bf8e4azwi@axl/P2M/pcknvdqr@ptbsi/Amazon
05/11/2022,,1024.3,DR,13339.73,UPI/yzxlpi2nv5ea@okaxis/P2M/p0bghkor@ptbsi/Flipkart
05/11/2022,,2817.92,CR,16157.65,UPI/20qd0j4vgzn7@paytm
05/11/2022,,497.09,DR,15660.56,UPI/4ntcam1mgx5t@ybl/P2M/5y6sk1xo@oksbi/Flipkart
05/11/2022,,1180.94,DR,14479.62,UPI/8odcroh36k0b@okaxis/P2M/e3i397v4@ptbsi/Edara
05/11/2022,,771.37,DR,13708.25,UPI/ih0ugs09f9pb@oksbi/P2M/mk6e13h2@oksbi/Amazon
05/11/2022,,145.57,DR,13562.68,UPI/dghcn1l84ojn@okaxis/P2M/6pwiv7o1@ptbyl/Paytm
05/11/2022,692074,881.88,DR,12680.8,UPI/6kwl14nuvbit@axl/P2M/5jcs7jgc@ptbyl/Airtel
05/11/2022,,416.04,DR,12264.76,UPI/d1kovj5y1aqw@ybl/P2M/oqu5ajai@ptbyl/Paytm
05/11/2022,,597.67,DR,11667.09,UPI/lqw551sqfpj5@paytm/P2M/pofr1i22@ptbsi/Amazon
05/11/2022,914091,1275.85,DR,10391.24,UPI/rgstdn5kg6qc@okhdfc/P2M/hafeak9k@ptbyl/VENNA
04/11/2022,257921,799.41,DR,9591.83,UPI/e5u3wzsxebok@okhdfc/P2M/chvg78px@oksbi/VENNA
04/11/2022,,745.53,DR,8846.3,UPI/zoemsp28b1xi@okaxis/P2M/q7i83i2l@ptbsi/Edara
04/11/2022,700858,596.34,DR,8249.96,UPI/l8qsrrwilfjp@okhdfc/P2M/k4rdqm16@oksbi/Amazon
04/11/2022,,1479.18,DR,6770.78,UPI/hr2zy051h702@okaxis/P2M/5cbj8tc3@paytm/Chala
04/11/2022,,1464.02,DR,5306.76,UPI/oobgjqfxmh1m@axl/P2M/e8w018wj@oksbi/AxisBank
04/11/2022,,3761.17,CR,9067.93,UPI/vhx3u0859s6a@paytm
04/11/2022,,3969.75,CR,13037.68,UPI/lte35atbaj1u@okaxis
04/11/2022,292908,706.85,CR,13744.53,UPI/vhmx4qjq9ffx@okhdfc
04/11/2022,,469.1,DR,13275.43,UPI/bzy8ufmuvemv@ybl/P2M/5xnz6eid@oksbi/Edara
04/11/2022,,780.01,DR,12495.42,UPI/3ko7ib6x11y5@okaxis/P2M/xirplcrt@ptbyl/AxisBank
04/11/2022,,3870.39,CR,16365.81,UPI/0jtq3mwpn5lg@okhdfc
03/11/2022,,1174.73,DR,15191.08,UPI/j4r3nu303148@axl/P2M/1ne5cva5@paytm/Flipkart
03/11/2022,,914.0,DR,14277.08,UPI/ofadaoemzg2s@paytm/P2M/42f0jqjy@ptbyl/BigBazaar
03/11/2022,316035,534.15,DR,13742.93,UPI/5kc67x1u9fld@okhdfc/P2M/v94mo03v@paytm/BigBazaar
03/11/2022,727123,289.31,DR,13453.62,UPI/cjwh1sw0nj2t@axl/P2M/qfen311j@oksbi/BigBazaar
03/11/2022,,278.05,DR,13175.57,UPI/nt1tcv3jm591@paytm/P2M/6jihqkjb@ptbsi/Amazon
03/11/2022,551745,477.69,DR,12697.88,UPI/948a1stncoa5@paytm/P2M/usnro02d@paytm/AxisBank
03/11/2022,236295,3062.68,CR,15760.56,UPI/uucih9j6hbbz@okaxis
03/11/2022,,124.27,DR,15636.29,UPI/a4ovb1617kiv@axl/P2M/vtuakks8@oksbi/Airtel
03/11/2022,,861.64,DR,14774.65,UPI/h3f38gm8bf8o@axl/P2M/nkvm092o@ptbsi/Amazon
03/11/2022,545371,237.87,DR,14536.78,UPI/h1qt8f1blee1@axl/P2M/mf664eyv@oksbi/Amazon
03/11/2022,,230.15,DR,14306.63,UPI/or3mh7s7oiuz@okaxis/P2M/mq9ord8t@paytm/VENNA
02/11/2022,862974,227.56,DR,14079.07,UPI/vq265xvcpd0h@okaxis/P2M/twm4xts1@oksbi/Airtel
02/11/2022,,160.28,DR,13918.79,UPI/mkodgntwtwva@oksbi/P2M/nals4otl@ptbyl/Flipkart
02/11/2022,457228,1501.73,CR,15420.52,UPI/hllmjl8hjcai@paytm
02/11/2022,,47.6,DR,15372.92,UPI/5kestnfigzdc@ybl/P2M/tqrch57l@oksbi/Paytm
02/11/2022,,2580.39,CR,17953.31,UPI/j2ljj2bk96vd@okhdfc
02/11/2022,263268,1496.45,DR,16456.86,UPI/x74okmulb5gj@okhdfc/P2M/0225dr3l@ptbsi/Flipkart
02/11/2022,404177,71.53,DR,16385.33,UPI/ibmfceiqjip0@okaxis/P2M/l7yea9ei@oksbi/Amazon
02/11/2022,594034,726.5,DR,15658.83,UPI/kbcw4vv91nou@oksbi/P2M/891v2nsp@paytm/Airtel
02/11/2022,,1467.81,DR,14191.02,UPI/o5jsay5ldcz0@ybl/P2M/466hlnoh@ptbyl/Flipkart
02/11/2022,948338,868.56,DR,13322.46,UPI/lj801rrg4y3n@okaxis/P2M/tnkg0ko6@ptbsi/BigBazaar
02/11/2022,,3280.5,CR,16602.96,UPI/mv17w8tvxgun@oksbi
01/11/2022,,255.78,CR,16858.74,UPI/h9frvmn4k7tu@oksbi
01/11/2022,657791,810.51,DR,16048.23,UPI/sjzv2g3234in@ybl/P2M/z3376gif@oksbi/Flipkart
01/11/2022,247928,1123.09,DR,14925.14,UPI/051j4rul69o7@axl/P2M/reuwkcim@ptbyl/BigBazaar
01/11/2022,678856,290.11,CR,15215.25,UPI/84dsn4emrm40@axl
01/11/2022,,300.17,DR,14915.08,UPI/uh934spoxx2u@okhdfc/P2M/17e7alwe@oksbi/VENNA
01/11/2022,,1061.66,DR,13853.42,UPI/5c9el5ij8870@okaxis/P2M/cmy2ivnt@ptbsi/Chala
01/11/2022,919039,386.09,DR,13467.33,UPI/p5woo0oeyqp6@okaxis/P2M/vx63esnb@ptbsi/Amazon
01/11/2022,,1278.39,DR,12188.94,UPI/v6k5hdo5fl72@paytm/P2M/qkgnuynu@ptbyl/AxisBank
01/11/2022,978142,174.19,DR,12014.75,UPI/jvgezafom1ec@paytm/P2M/h5y9v171@paytm/BigBazaar
01/11/2022,312014,896.06,DR,11118.69,UPI/lszvxq39v6yk@ybl/P2M/xkiz0grd@paytm/Paytm
01/11/2022,866973,1119.24,DR,9999.45,UPI/diuy0nhkyzdp@ybl/P2M/ycytm61l@ptbsi/BigBazaar
