Date,Instrument ID,Amount,Type,Balance,Remarks
31/03/2021,,654.39,DR,169.46,UPI/cjvru2h278dy@okhdfc/P2M/h087lxpz@oksbi/Amazon
31/03/2021,,248.09,CR,417.55,UPI/ia3cer4asjz9@axl
30/03/2021,,24.8,DR,392.75,UPI/g8x1qgtbq9r9@okaxis/P2M/goy5zjay@paytm/Airtel
30/03/2021,,146.48,DR,246.27,UPI/98p7n18oft2b@okaxis/P2M/y8k7gf25@ptbyl/Airtel
30/03/2021,316349,2681.59,CR,2927.86,UPI/flh0d9lxkami@ybl
30/03/2021,,956.49,DR,1971.37,UPI/sl90v5zvgz6m@ybl/P2M/v0kuxtud@oksbi/BigBazaar
30/03/2021,,525.48,DR,1445.89,UPI/wwmxkm3xydqy@okaxis/P2M/ig4a36z0@paytm/AxisBank
30/03/2021,,588.55,DR,857.34,UPI/s3zp74iteelo@okaxis/P2M/08b835rj@oksbi/Paytm
30/03/2021,,596.33,DR,261.01,UPI/y4rq21t12dzm@ybl/P2M/jt9oe1cb@paytm/Edara
29/03/2021,,168.71,DR,92.3,UPI/fk2g985osc8p@paytm/P2M/2mcijxt0@oksbi/Amazon
29/03/2021,777521,4741.5,CR,4833.8,UPI/vropqtkb23j7@ybl
29/03/2021,,1288.91,DR,3544.89,UPI/07vp7oto81tv@okaxis/P2M/hciqfck9@oksbi/AxisBank
29/03/2021,,44.35,DR,3500.54,UPI/42cd50652p98@ybl/P2M/fmdhbhis@ptbsi/AxisBank
29/03/2021,,336.62,DR,3163.92,UPI/6entxd0g0u61@oksbi/P2M/ucnqbk7k@ptbsi/Paytm
29/03/2021,613100,102.8,DR,3061.12,UPI/m66qpg7jctsn@axl/P2M/cigvhq0v@oksbi/Amazon
29/03/2021,,1292.75,DR,1768.37,UPI/g2g99wxftax1@okhdfc/P2M/5qxvbe6z@ptbyl/Paytm
29/03/2021,,1382.44,DR,385.93,UPI/rvsj0k841b2j@ybl/P2M/xykbgy53@ptbsi/VENNA
29/03/2021,,360.2,DR,25.73,UPI/hmk7cutjxhr7@ybl/P2M/pdejbwre@oksbi/Edara
27/03/2021,,417.94,CR,443.67,UPI/97ydn3dydu03@okhdfc
27/03/2021,271679,98.71,DR,344.96,UPI/qchhp4ixkkm9@oksbi/P2M/nknbb0sy@oksbi/VENNA
26/03/2021,819142,2320.05,CR,2665.01,UPI/miv3lfqapebp@axl
26/03/2021,,1140.53,DR,1524.48,UPI/idcmvo4iancz@axl/P2M/pmbw1crc@ptbyl/BigBazaar
26/03/2021,,986.22,DR,538.26,UPI/x3kvylnadmw4@axl/P2M/p99lpaea@ptbsi/Airtel
26/03/2021,,3587.93,CR,4126.19,UPI/cqim99dsqg93@ybl
26/03/2021,162997,126.59,CR,4252.78,UPI/79qa1edau6ne@okaxis
26/03/2021,,1059.36,DR,3193.42,UPI/6ewg1ij293xe@oksbi/P2M/svcr36qb@oksbi/VENNA
26/03/2021,,1275.6,DR,1917.82,UPI/1z36filfcpsk@paytm/P2M/u3xmu4cy@paytm/VENNA
26/03/2021,,454.01,DR,1463.81,UPI/6bij9ytilmvf@oksbi/P2M/2voc3m01@oksbi/Amazon
26/03/2021,,820.81,DR,643.0,UPI/inqvmne65brw@ybl/P2M/ejtd5lqu@oksbi/Paytm
26/03/2021,,2188.04,CR,2831.04,UPI/szwg28joi2ln@paytm
25/03/2021,,649.66,DR,2181.38,UPI/jk4gdkmkqyxd@axl/P2M/wqnu4omg@oksbi/Paytm
25/03/2021,,1203.18,DR,978.2,UPI/u2cgwkeabhab@okhdfc/P2M/r54qjaoi@paytm/Airtel
25/03/2021,561513,886.23,DR,91.97,UPI/l95r00i72zez@ybl/P2M/cpjz3ijm@oksbi/Paytm
25/03/2021,388183,2073.62,CR,2165.59,UPI/t2tz4nhf0cwp@axl
25/03/2021,,883.99,DR,1281.6,UPI/8tzfrjrokyfb@ybl/P2M/tjifnq5d@paytm/AxisBank
25/03/2021,,206.1,DR,1075.5,UPI/0ofeev4ct0nj@axl/P2M/c0uizojj@paytm/Flipkart
25/03/2021,651483,4414.91,CR,5490.41,UPI/xchszi5h108l@okhdfc
25/03/2021,,144.79,DR,5345.62,UPI/5zgfpdcsu87g@okaxis/P2M/tjau7lft@ptbsi/Edara
25/03/2021,150479,567.69,DR,4777.93,UPI/kycq34cte5h8@okaxis/P2M/zne8mlpb@ptbsi/Chala
25/03/2021,672803,414.18,DR,4363.75,UPI/kbvfr7zwb047@oksbi/P2M/u738zb2z@oksbi/Airtel
24/03/2021,767415,4876.04,CR,9239.79,UPI/vbmdckgduqvy@okhdfc
24/03/2021,761001,850.91,DR,8388.88,UPI/hjizfde1qne8@okaxis/P2M/7vv7wxvn@ptbsi/AxisBank
24/03/2021,,4678.53,CR,13067.41,UPI/gkycz1sngapj@okhdfc
24/03/2021,,705.72,DR,12361.69,UPI/6v6t66tcm3sq@okhdfc/P2M/eed7z2lp@ptbyl/Amazon
24/03/2021,,1259.63,DR,11102.06,UPI/em62q9cymqwv@paytm/P2M/edvr8nz5@paytm/Airtel
24/03/2021,400477,205.21,DR,10896.85,UPI/p0zbvjv9b810@ybl/P2M/131ir5iw@ptbyl/Paytm
24/03/2021,756538,684.68,DR,10212.17,UPI/ioaqtxpv7cds@axl/P2M/u8k0lk3c@ptbyl/VENNA
24/03/2021,,894.87,DR,9317.3,UPI/hgo8cbfwahxf@oksbi/P2M/nmtzct5f@paytm/Edara
24/03/2021,,1452.83,CR,10770.13,UPI/rd1b4s9vi2ek@oksbi
24/03/2021,,865.46,DR,9904.67,UPI/cwrxajfg5q0w@oksbi/P2M/kip0e7qz@ptbyl/BigBazaar
24/03/2021,,590.64,DR,9314.03,UPI/k9mednbvfrv8@oksbi/P2M/aj89u6rk@paytm/Airtel
24/03/2021,400817,1588.67,CR,10902.7,UPI/jo6cq47jbqea@oksbi
23/03/2021,,1451.94,DR,9450.76,UPI/ncw7314l2tq6@oksbi/P2M/0q85ubom@ptbsi/Airtel
23/03/2021,,942.29,DR,8508.47,UPI/xq1hxiccjeta@okaxis/P2M/82vj43xt@paytm/Chala
23/03/2021,970673,1311.19,CR,9819.66,UPI/w7inpexrlwl5@okhdfc
23/03/2021,322626,896.23,DR,8923.43,UPI/ln8vtw7q65pb@okhdfc/P2M/ce3731i0@oksbi/BigBazaar
23/03/2021,,1883.93,CR,10807.36,UPI/fwmg7cwhkrb0@okhdfc
23/03/2021,780020,177.74,DR,10629.62,UPI/v4rt9mks763a@ybl/P2M/odwxkb5e@ptbyl/BigBazaar
23/03/2021,,230.58,DR,10399.04,UPI/1c1l3i23lfht@oksbi/P2M/ir8cxx7k@oksbi/AxisBank
23/03/2021,,1479.45,DR,8919.59,UPI/6422xsanwrxf@oksbi/P2M/qc29q1eq@oksbi/Edara
23/03/2021,,1175.69,DR,7743.9,UPI/7icd0oqqkrm9@ybl/P2M/tw834vot@paytm/Edara
23/03/2021,445885,1375.84,DR,6368.06,UPI/qvs7xccc5jir@okhdfc/P2M/66ocuffa@ptbyl/BigBazaar
23/03/2021,104381,1814.62,CR,8182.68,UPI/a1yth7d7yhcs@oksbi
23/03/2021,,988.89,DR,7193.79,UPI/m7sbhqbuq77e@paytm/P2M/5vzju7po@ptbyl/Chala
22/03/2021,,392.27,DR,6801.52,UPI/t0ebeehkz419@okaxis/P2M/0p01gv35@ptbsi/Flipkart
22/03/2021,,215.87,DR,6585.65,UPI/jw55gf4unms7@axl/P2M/mtsto3a5@paytm/Edara
22/03/2021,491498,3098.28,CR,9683.93,UPI/xul3a9mvca5n@paytm
22/03/2021,489562,385.18,DR,9298.75,UPI/erj3tjx59lgc@oksbi/P2M/daj4rb74@ptbyl/AxisBank
22/03/2021,,122.65,DR,9176.1,UPI/v06uvpe8ut5a@okhdfc/P2M/7g0j4dys@ptbsi/Airtel
22/03/2021,,680.34,DR,8495.76,UPI/hp1om8nkai4e@ybl/P2M/7lksd0gf@ptbsi/VENNA
22/03/2021,317563,1486.0,DR,7009.76,UPI/m72ynet4waoq@axl/P2M/nfiqql5u@ptbsi/BigBazaar
22/03/2021,,1168.83,DR,5840.93,UPI/a1n1ehr9irvq@ybl/P2M/z31jqgab@ptbyl/Chala
22/03/2021,,163.92,DR,5677.01,UPI/vkvxuvt57pvd@ybl/P2M/858otmnd@ptbyl/VENNA
22/03/2021,,28.24,DR,5648.77,UPI/5bjcm1b68etc@okhdfc/P2M/rfnv6rqt@ptbsi/Airtel
22/03/2021,,1326.86,DR,4321.91,UPI/j0dgqupht0he@okhdfc/P2M/wbj18z7q@paytm/Edara
22/03/2021,,937.45,DR,3384.46,UPI/cwfnugxehg2z@ybl/P2M/nb5fulzo@ptbyl/Airtel
21/03/2021,,782.3,DR,2602.16,UPI/g02pgn11ol5s@okaxis/P2M/jivh1gi8@paytm/Airtel
21/03/2021,575914,74.25,DR,2527.91,UPI/hsm53lcv5unh@okhdfc/P2M/s6zao5pg@paytm/VENNA
21/03/2021,858256,1410.18,DR,1117.73,UPI/k0kdr0ixbwp0@ybl/P2M/opgyt725@ptbsi/VENNA
21/03/2021,,1003.07,DR,114.66,UPI/jte7dtqm9yi3@okhdfc/P2M/si87lu36@ptbyl/AxisBank
21/03/2021,,4748.0,CR,4862.66,UPI/nxfnjqxtn4n2@oksbi
21/03/2021,784193,4544.66,CR,9407.32,UPI/7l0eyv05vwer@ybl
20/03/2021,948056,449.86,DR,8957.46,UPI/u9gec22kjlup@axl/P2M/kkgnyy3f@oksbi/VENNA
20/03/2021,959289,1436.16,DR,7521.3,UPI/w5ekzuq2y9ze@okaxis/P2M/k46l0uy4@oksbi/Airtel
20/03/2021,,654.7,DR,6866.6,UPI/zix0q69q110n@axl/P2M/qb19bt2o@paytm/Amazon
20/03/2021,,461.36,DR,6405.24,UPI/6wearqqs2h8j@oksbi/P2M/qlzrtfqf@oksbi/Flipkart
20/03/2021,,26.9,DR,6378.34,UPI/28592oiy66a4@paytm/P2M/3et7zwdo@oksbi/Paytm
20/03/2021,607271,201.41,DR,6176.93,UPI/xbinnqiwdm1p@paytm/P2M/m7xbjy1s@oksbi/Flipkart
20/03/2021,,944.37,DR,5232.56,UPI/jiug56m9ykxp@axl/P2M/4qpyl49k@ptbsi/VENNA
20/03/2021,,1253.03,DR,3979.53,UPI/akcxnqc7f2l6@axl/P2M/mv0lqyzn@oksbi/AxisBank
20/03/2021,197467,92.37,DR,3887.16,UPI/spn59gxu6tt9@ybl/P2M/wc1857ht@oksbi/Chala
20/03/2021,,950.72,CR,4837.88,UPI/7ep28hkm86xl@okaxis
20/03/2021,,946.36,DR,3891.52,UPI/hucam78rglkj@okaxis/P2M/a21y8qym@ptbyl/AxisBank
19/03/2021,,1337.16,CR,5228.68,UPI/avqy1mnxji9v@okaxis
19/03/2021,,1284.33,DR,3944.35,UPI/w89l3nhj1lgw@paytm/P2M/pn92pu06@ptbsi/Chala
19/03/2021,981434,1538.69,CR,5483.04,UPI/9lwobulndh3n@ybl
19/03/2021,,489.42,DR,4993.62,UPI/e889ltlopbkf@paytm/P2M/acem2llk@ptbsi/Airtel
19/03/2021,,1448.26,DR,3545.36,UPI/4504c8bcbhjv@okaxis/P2M/mj1neol7@paytm/VENNA
19/03/2021,,3523.73,CR,7069.09,UPI/qrn2qgk0a8do@okaxis
19/03/2021,,1368.12,DR,5700.97,UPI/nzv8g7o9ked5@axl/P2M/3otd5soq@ptbsi/AxisBank
19/03/2021,,1165.29,DR,4535.68,UPI/tp2piajgfpty@axl/P2M/90wtfb3x@ptbsi/Amazon
19/03/2021,,667.86,DR,3867.82,UPI/ejhfbv6j4auf@oksbi/P2M/a5nsttqf@oksbi/BigBazaar
19/03/2021,249245,801.37,DR,3066.45,UPI/0kt4bczbxyu6@axl/P2M/tb5v6cm1@paytm/AxisBank
19/03/2021,568897,869.83,CR,3936.28,UPI/gk5g5w6betlk@okaxis
18/03/2021,,432.95,DR,3503.33,UPI/sxc26wdm32u4@okaxis/P2M/kc2cprt5@oksbi/Edara
18/03/2021,,922.32,DR,2581.01,UPI/5a2nyvag3gjd@okaxis/P2M/xj4tz9gu@oksbi/Paytm
18/03/2021,539889,3234.68,CR,5815.69,UPI/l2l2rs0mef3t@ybl
18/03/2021,554067,1464.39,DR,4351.3,UPI/cmomi198biyk@okaxis/P2M/rch45r3y@oksbi/Paytm
18/03/2021,,1074.66,DR,3276.64,UPI/lsja2cb5mnx9@ybl/P2M/t3eev9he@oksbi/VENNA
18/03/2021,,373.9,DR,2902.74,UPI/a95fpvu2gqfi@okhdfc/P2M/30wtjfts@oksbi/AxisBank
18/03/2021,,231.57,DR,2671.17,UPI/xy3sx60349xc@okhdfc/P2M/qms37b0x@ptbyl/BigBazaar
18/03/2021,560116,875.41,DR,1795.76,UPI/n7d02m2e13g0@axl/P2M/ukinn7cm@ptbyl/Chala
18/03/2021,,341.91,DR,1453.85,UPI/fn7u7taws6k6@okhdfc/P2M/4nlbh885@paytm/Chala
18/03/2021,874506,1417.54,DR,36.31,UPI/9th72ubar9x4@okaxis/P2M/7lxj72ks@paytm/Airtel
17/03/2021,,4448.64,CR,4484.95,UPI/k0y2eyfjtdc3@ybl
17/03/2021,,1431.31,DR,3053.64,UPI/5q5uzuqbgo61@paytm/P2M/xkgnjbpw@oksbi/Airtel
17/03/2021,,404.93,DR,2648.71,UPI/1d3tb2ji1026@ybl/P2M/8x8h1wvf@ptbyl/Chala
17/03/2021,385844,700.75,DR,1947.96,UPI/kvfy30a2eq0e@paytm/P2M/bd1vo2qn@oksbi/AxisBank
17/03/2021,,92.26,DR,1855.7,UPI/ud1iejegn2r7@okhdfc/P2M/c5rabwse@ptbsi/Chala
16/03/2021,,580.11,DR,1275.59,UPI/coax6v0dd4r5@axl/P2M/mki1hkbr@oksbi/VENNA
16/03/2021,179456,624.47,DR,651.12,UPI/ps7xbpakkbfe@okhdfc/P2M/ji3qupaw@ptbyl/Flipkart
16/03/2021,606956,62.95,DR,588.17,UPI/1360v35eb1kc@paytm/P2M/y8mntsb1@oksbi/Amazon
16/03/2021,539160,115.49,DR,472.68,UPI/y1xilytgh4iz@paytm/P2M/gpybzway@paytm/Amazon
16/03/2021,,118.55,DR,354.13,UPI/sl8obppa43jb@okhdfc/P2M/ybkry9m4@paytm/Paytm
16/03/2021,,233.9,DR,120.23,UPI/a0iey6c4c2tv@ybl/P2M/x0nbv8wb@ptbyl/Flipkart
16/03/2021,969868,1178.11,CR,1298.34,UPI/45q3s02hdd8b@ybl
15/03/2021,,771.38,DR,526.96,UPI/gmhr7puolajh@okaxis/P2M/hmcm10hd@ptbsi/Amazon
15/03/2021,,512.16,DR,14.8,UPI/xceh2ievilsn@okhdfc/P2M/r514237q@ptbsi/Amazon
15/03/2021,940852,981.62,CR,996.42,UPI/oidri5j6e2em@oksbi
15/03/2021,595775,698.2,CR,1694.62,UPI/gmrinpcf133p@oksbi
15/03/2021,,2860.88,CR,4555.5,UPI/yxis2fn9ibn4@okhdfc
15/03/2021,287969,794.43,DR,3761.07,UPI/kp876n6wef5m@oksbi/P2M/68aurnzh@oksbi/Chala
15/03/2021,240537,229.76,DR,3531.31,UPI/0o4n3s6m470g@okaxis/P2M/r8id0wkb@ptbyl/VENNA
15/03/2021,564250,1092.74,DR,2438.57,UPI/py489c722wl3@ybl/P2M/5ycs6j00@ptbsi/Flipkart
15/03/2021,811649,429.91,DR,2008.66,UPI/29q1bfzzeqmk@okhdfc/P2M/646ea720@oksbi/Amazon
15/03/2021,,1361.17,DR,647.49,UPI/d7d414vrf1t5@okhdfc/P2M/k03xv3lk@paytm/Flipkart
14/03/2021,626799,364.42,DR,283.07,UPI/i47ad0n79o4o@paytm/P2M/uia5q2kc@oksbi/VENNA
14/03/2021,,1548.4,CR,1831.47,UPI/egobv64ny2n9@okhdfc
14/03/2021,,3976.0,CR,5807.47,UPI/hnyjya2ne1a2@paytm
14/03/2021,792140,1605.97,CR,7413.44,UPI/gx71fmxmpulz@okhdfc
14/03/2021,,138.05,DR,7275.39,UPI/r3rfxhc3cwu7@axl/P2M/6a61u4kq@paytm/Flipkart
14/03/2021,645548,641.94,DR,6633.45,UPI/hv70lheq43h7@okaxis/P2M/e1uvsmev@ptbyl/Edara
14/03/2021,,908.36,DR,5725.09,UPI/qqe9qleg6rvt@okaxis/P2M/ikhcm6wz@ptbsi/Chala
14/03/2021,,632.0,DR,5093.09,UPI/3zbp9ww7tj3f@oksbi/P2M/vx90ueg3@paytm/Edara
14/03/2021,,381.97,DR,4711.12,UPI/zmmiez7dz6zh@oksbi/P2M/gnzwaos8@paytm/BigBazaar
13/03/2021,,3455.71,CR,8166.83,UPI/pxc8x9cs99jz@axl
13/03/2021,,177.06,DR,7989.77,UPI/9be8dbfr0ij1@okhdfc/P2M/riepokke@oksbi/AxisBank
13/03/2021,,1319.92,DR,6669.85,UPI/xag0tai4axm1@paytm/P2M/7befnm5t@ptbsi/AxisBank
13/03/2021,,3466.46,CR,10136.31,UPI/sthyo795p1go@oksbi
13/03/2021,,332.23,DR,9804.08,UPI/syhlr3g5f6fc@okhdfc/P2M/gveqzcdn@ptbsi/BigBazaar
13/03/2021,260640,91.37,DR,9712.71,UPI/y4r7735fkudb@ybl/P2M/ekmtnn1l@ptbsi/Airtel
13/03/2021,548931,1426.0,DR,8286.71,UPI/d444t4bd87ku@axl/P2M/ibfxw31c@oksbi/Airtel
13/03/2021,,808.86,DR,7477.85,UPI/2mejlgwskm6d@okhdfc/P2M/ubgwk4wm@ptbsi/Amazon
13/03/2021,,1275.86,DR,6201.99,UPI/2aygtqda5gry@okhdfc/P2M/voieve3u@ptbyl/VENNA
13/03/2021,,26.43,DR,6175.56,UPI/rl78corujmcu@axl/P2M/wspioyyv@ptbsi/Amazon
13/03/2021,,1468.05,DR,4707.51,UPI/aevx0v0b0p04@axl/P2M/eic5t31h@ptbsi/Edara
12/03/2021,220574,159.46,DR,4548.05,UPI/i7f8qyhlo698@oksbi/P2M/wg9z0qyb@ptbyl/Edara
12/03/2021,805033,3582.61,CR,8130.66,UPI/uannbfqtpfv9@paytm
12/03/2021,823058,660.28,DR,7470.38,UPI/9oghtxljm077@okaxis/P2M/235s8wc2@ptbyl/Chala
12/03/2021,,2798.09,CR,10268.47,UPI/0ghwogrk6ky0@okhdfc
12/03/2021,,4406.17,CR,14674.64,UPI/3q4muwcsqz0r@axl
12/03/2021,543791,38.31,DR,14636.33,UPI/0p55wd2xlvqz@okaxis/P2M/mbihpaew@oksbi/BigBazaar
12/03/2021,,111.6,DR,14524.73,UPI/pqyi79ekwq8t@oksbi/P2M/ijp22qjd@ptbyl/VENNA
12/03/2021,258821,733.16,DR,13791.57,UPI/nehgpx5evncx@okhdfc/P2M/l08tudxa@ptbsi/Chala
12/03/2021,,806.92,CR,14598.49,UPI/hcg6394ljhle@okaxis
12/03/2021,,119.25,DR,14479.24,UPI/zamg7t2cr3zf@okaxis/P2M/1mvcxvkz@oksbi/AxisBank
12/03/2021,936914,648.62,DR,13830.62,UPI/l6f16ksg9epj@axl/P2M/ngnyzsfe@oksbi/Flipkart
11/03/2021,,114.26,DR,13716.36,UPI/ubywao1oi8lk@okaxis/P2M/agvrx1cq@paytm/Edara
11/03/2021,804374,782.56,DR,12933.8,UPI/t2x4tgluh4ld@axl/P2M/g1h58njl@ptbyl/Flipkart
11/03/2021,,312.04,DR,12621.76,UPI/w2fztr3cab51@okaxis/P2M/ixmh2v1y@paytm/Flipkart
11/03/2021,,325.57,DR,12296.19,UPI/bxmn6ca29anu@oksbi/P2M/0sfvewhj@oksbi/Airtel
11/03/2021,318322,200.55,DR,12095.64,UPI/syrinwmrfx97@paytm/P2M/vm50xvfi@ptbsi/Edara
11/03/2021,974244,558.58,DR,11537.06,UPI/w1g88z6bjhfo@axl/P2M/79ayijgj@ptbsi/Paytm
11/03/2021,,193.51,DR,11343.55,UPI/xfb1cgufydpx@okhdfc/P2M/psai2izq@ptbyl/Paytm
11/03/2021,,21.12,DR,11322.43,UPI/puzk0885kxgf@axl/P2M/2ibilu2u@ptbyl/AxisBank
11/03/2021,,568.75,DR,10753.68,UPI/wrhe5jgnm5xc@okaxis/P2M/dseyurbj@oksbi/Flipkart
11/03/2021,,1319.47,DR,9434.21,UPI/3eifpfb4wku6@okhdfc/P2M/ooyip5wc@paytm/Edara
11/03/2021,,1011.25,DR,8422.96,UPI/ac3lbqmtc2l5@okaxis/P2M/7e2it7nz@ptbsi/BigBazaar
10/03/2021,,877.88,DR,7545.08,UPI/36431e31dizl@okaxis/P2M/amix8cmh@oksbi/Edara
10/03/2021,337206,1301.1,DR,6243.98,UPI/qzxd3atmm6dn@axl/P2M/7oyyzbud@ptbsi/AxisBank
10/03/2021,686577,669.55,DR,5574.43,UPI/btuqoywcr8zz@axl/P2M/jat4ur8d@ptbyl/Chala
10/03/2021,856324,12.07,DR,5562.36,UPI/xxamavvd43hv@axl/P2M/119x8xde@ptbyl/Chala
10/03/2021,,237.22,DR,5325.14,UPI/u9fbsq42bt7z@okhdfc/P2M/qxukepmt@ptbyl/Paytm
10/03/2021,,121.29,DR,5203.85,UPI/bp8hruovte7r@okaxis/P2M/bss8b1d0@ptbsi/VENNA
10/03/2021,,309.65,DR,4894.2,UPI/n2kt7pu97id5@oksbi/P2M/bk1m9ixt@paytm/Paytm
10/03/2021,,1589.14,CR,6483.34,UPI/sj9kxk6zx4xm@okaxis
10/03/2021,,1082.64,DR,5400.7,UPI/th3rzw80k4yb@paytm/P2M/bhxnv7j6@paytm/Airtel
10/03/2021,,1234.32,DR,4166.38,UPI/z21rhzrx84a4@oksbi/P2M/i3i6ptc6@ptbsi/BigBazaar
10/03/2021,,696.4,DR,3469.98,UPI/t95439e82wj0@ybl/P2M/auy4gaix@paytm/VENNA
09/03/2021,,1366.28,DR,2103.7,UPI/mavqbiivusfo@okhdfc/P2M/7oguit5t@oksbi/VENNA
09/03/2021,704206,1272.97,DR,830.73,UPI/io4xo5h2zsnv@okhdfc/P2M/f108nltu@oksbi/AxisBank
09/03/2021,683240,629.74,DR,200.99,UPI/57izrvhkptpp@oksbi/P2M/jynjsoz0@oksbi/VENNA
09/03/2021,,126.53,DR,74.46,UPI/9l1k7do2ogl1@oksbi/P2M/ng36uya5@paytm/VENNA
08/03/2021,,165.74,CR,240.2,UPI/hjy3zy4eohcy@axl
08/03/2021,765839,4556.04,CR,4796.24,UPI/yi08ugfiu75r@okhdfc
08/03/2021,655360,760.12,DR,4036.12,UPI/na5zjum27j2c@ybl/P2M/cxdecg3d@oksbi/Edara
08/03/2021,157850,578.4,DR,3457.72,UPI/lhfzy89oa7ap@axl/P2M/y1vpe0ou@ptbyl/AxisBank
07/03/2021,483905,418.02,DR,3039.7,UPI/z7wdxwbhzqa4@paytm/P2M/p1bhaa4c@paytm/Paytm
07/03/2021,,3939.2,CR,6978.9,UPI/ybhblij923og@okaxis
07/03/2021,636105,1688.8,CR,8667.7,UPI/ip3wit9ocbju@paytm
07/03/2021,,709.3,DR,7958.4,UPI/kb5paefbquth@okaxis/P2M/ex0jmszd@ptbyl/Flipkart
07/03/2021,,1387.94,DR,6570.46,UPI/1qnebpn5boeu@ybl/P2M/w0vakudi@ptbyl/Amazon
07/03/2021,,169.24,DR,6401.22,UPI/k9brjp1uios0@oksbi/P2M/x0uy2hy7@oksbi/AxisBank
07/03/2021,,1366.74,DR,5034.48,UPI/ofgfiy9xk6qe@axl/P2M/infasz8p@paytm/Flipkart
07/03/2021,,2542.06,CR,7576.54,UPI/bih8e0cp2a3p@paytm
07/03/2021,466119,567.51,DR,7009.03,UPI/dzmgdb40fhbp@axl/P2M/yqjpbafi@oksbi/VENNA
07/03/2021,797015,1238.52,DR,5770.51,UPI/t1g5zm1f0lg7@axl/P2M/oag490m0@ptbsi/Flipkart
07/03/2021,,924.07,DR,4846.44,UPI/sr6z6n07zijs@ybl/P2M/0pclxslf@oksbi/Flipkart
06/03/2021,282383,22.22,DR,4824.22,UPI/sn8byjqox8j9@ybl/P2M/1vprm9ny@oksbi/Amazon
06/03/2021,,742.95,DR,4081.27,UPI/yknfs8geuhsq@oksbi/P2M/zmh2sidg@paytm/Amazon
06/03/2021,,1240.01,DR,2841.26,UPI/v6u11kc5q8sy@ybl/P2M/gus2fw9g@ptbsi/BigBazaar
06/03/2021,,578.26,DR,2263.0,UPI/47cy36li5z8d@paytm/P2M/3lfndsn4@oksbi/Edara
06/03/2021,169108,795.35,DR,1467.65,UPI/14zc45b51vlx@axl/P2M/ehukq99e@paytm/Amazon
06/03/2021,943589,27.38,DR,1440.27,UPI/3pwxy7lbup8e@ybl/P2M/nvbrfo4l@ptbsi/Airtel
06/03/2021,,3928.51,CR,5368.78,UPI/beu7yu2cxinz@paytm
06/03/2021,483765,46.46,DR,5322.32,UPI/xjri79k5bpez@paytm/P2M/fpakhbqb@ptbyl/Airtel
06/03/2021,783806,1038.28,DR,4284.04,UPI/qhbnqe6nuoo6@okhdfc/P2M/nf1hhz8w@ptbsi/VENNA
06/03/2021,,920.69,DR,3363.35,UPI/ygwm2yc4b43r@oksbi/P2M/dp7jdq6h@oksbi/Chala
06/03/2021,,344.95,DR,3018.4,UPI/ysdfggifuabo@okhdfc/P2M/xn2zmpj2@ptbsi/BigBazaar
05/03/2021,,382.18,DR,2636.22,UPI/4x973ciafy89@paytm/P2M/tetdzrn5@ptbyl/Amazon
05/03/2021,606999,1178.9,DR,1457.32,UPI/51vlppsp79vt@oksbi/P2M/deuo7jrc@paytm/BigBazaar
05/03/2021,,4575.04,CR,6032.36,UPI/gy2392chgj4c@oksbi
05/03/2021,,689.86,DR,5342.5,UPI/mmz3fa2hnr6i@ybl/P2M/yfqvduhc@paytm/Airtel
05/03/2021,,796.06,DR,4546.44,UPI/tqekeubxcm3r@ybl/P2M/ixnvj0t8@ptbyl/Chala
05/03/2021,,571.47,DR,3974.97,UPI/os5djtqkpvfl@okaxis/P2M/y21uyor4@oksbi/Paytm
05/03/2021,530037,149.63,DR,3825.34,UPI/koeyj7n9jepq@okhdfc/P2M/4uanfh7w@ptbyl/Amazon
05/03/2021,905868,1022.07,DR,2803.27,UPI/1pt10yxr4wbj@paytm/P2M/t92o5tf1@oksbi/VENNA
05/03/2021,255613,100.93,DR,2702.34,UPI/q06pmcuy8czr@axl/P2M/z33d2zhn@ptbsi/Paytm
05/03/2021,,847.53,DR,1854.81,UPI/1den2vy4pvwm@paytm/P2M/jytk0irp@ptbyl/Paytm
05/03/2021,887438,999.69,DR,855.12,UPI/xetozmxq9g87@okhdfc/P2M/jufeaqhf@ptbsi/Edara
04/03/2021,397955,795.25,DR,59.87,UPI/v1l6ruqbsdjn@paytm/P2M/bnen4grn@ptbyl/Airtel
04/03/2021,,1119.66,CR,1179.53,UPI/otdvw0rbd0qw@paytm
04/03/2021,,856.79,DR,322.74,UPI/tpjfyhywtwee@paytm/P2M/6cjv94j5@paytm/Edara
04/03/2021,,3706.12,CR,4028.86,UPI/gbkvr1w2apx9@okaxis
04/03/2021,245934,1216.77,DR,2812.09,UPI/4xhay6i5707c@oksbi/P2M/uvl9mx5p@paytm/BigBazaar
04/03/2021,,1210.0,DR,1602.09,UPI/sfiyei2hqadn@okaxis/P2M/mqgtc5tu@oksbi/VENNA
04/03/2021,,3597.69,CR,5199.78,UPI/gnq2w3drg47y@paytm
04/03/2021,593353,184.11,DR,5015.67,UPI/hb15lsfh1mo3@okhdfc/P2M/m8tpce46@ptbsi/VENNA
04/03/2021,,144.08,CR,5159.75,UPI/bbsn1nfkm90a@ybl
04/03/2021,,3646.39,CR,8806.14,UPI/lpcbaf7ugsw7@okaxis
03/03/2021,,320.57,DR,8485.57,UPI/dpkoas8sc7vn@axl/P2M/sfw89wc1@ptbsi/VENNA
03/03/2021,,839.28,DR,7646.29,UPI/g5dq9ltm42eq@okhdfc/P2M/lankzsgu@oksbi/Flipkart
03/03/2021,977005,614.41,DR,7031.88,UPI/xjes7b5nwywj@paytm/P2M/mg1w4htl@paytm/Airtel
03/03/2021,,893.02,DR,6138.86,UPI/d7ju1lwye0up@ybl/P2M/hcvtjawj@ptbyl/Edara
03/03/2021,229079,515.28,DR,5623.58,UPI/vmay2x2bxtno@oksbi/P2M/c16vl3z1@ptbsi/Flipkart
03/03/2021,,2808.24,CR,8431.82,UPI/8esuevukna0x@oksbi
03/03/2021,,1422.54,DR,7009.28,UPI/8m768klqzrdd@oksbi/P2M/h57lboyn@oksbi/Airtel
03/03/2021,737140,107.92,DR,6901.36,UPI/itg71kr4g1pi@oksbi/P2M/kosgqnrz@oksbi/AxisBank
03/03/2021,,825.59,DR,6075.77,UPI/q0lvj1v3b7d9@axl/P2M/gfll8ydd@ptbsi/Paytm
03/03/2021,776833,1294.38,DR,4781.39,UPI/1gge65icwd6i@okhdfc/P2M/04h57lxw@ptbsi/Flipkart
03/03/2021,,1367.4,DR,3413.99,UPI/qpp6h070gf82@axl/P2M/5m1zwkd1@paytm/Airtel
02/03/2021,,536.74,DR,2877.25,UPI/olrdin7w968o@axl/P2M/5q2y4ata@ptbyl/Paytm
02/03/2021,,78.36,DR,2798.89,UPI/xq6mylu8c1p6@ybl/P2M/a9iiwhtu@paytm/Paytm
02/03/2021,,699.65,DR,2099.24,UPI/dy972vc94vfr@oksbi/P2M/we6qgz2o@ptbsi/Amazon
02/03/2021,,1353.85,DR,745.39,UPI/cy9asy1e85an@oksbi/P2M/9qlgds2k@ptbsi/Edara
02/03/2021,,335.22,DR,410.17,UPI/uvujw6pnr55x@oksbi/P2M/98evr4xv@ptbsi/Paytm
02/03/2021,,244.07,DR,166.1,UPI/o23x7q8bu3ks@okaxis/P2M/4revhf93@ptbsi/Paytm
01/03/2021,,3481.11,CR,3647.21,UPI/ziksrd374sch@okhdfc
01/03/2021,,337.11,DR,3310.1,UPI/eiwib3wenymk@ybl/P2M/yrg2738n@ptbyl/BigBazaar
01/03/2021,,1497.01,DR,1813.09,UPI/ue4nd7fxyfrj@axl/P2M/66mmwa0j@ptbsi/Airtel
01/03/2021,,1148.35,DR,664.74,UPI/p7zbdn3p351c@ybl/P2M/vjyxum0j@paytm/VENNA
01/03/2021,,325.89,CR,990.63,UPI/ebvjafafitod@ybl
01/03/2021,585337,90.85,DR,899.78,UPI/qnrpkfyoo3vf@ybl/P2M/2ep82wqh@paytm/Amazon
01/03/2021,334619,779.29,DR,120.49,UPI/6e6dn7i81slv@axl/P2M/af7mymvf@ptbsi/Paytm
28/02/2021,950855,3857.34,CR,3977.83,UPI/j87xjl5hr65e@ybl
28/02/2021,,696.32,DR,3281.51,UPI/gofujgysitec@axl/P2M/2kcjc5e5@paytm/Flipkart
28/02/2021,,1486.7,CR,4768.21,UPI/lcdw8yykqvja@axl
28/02/2021,,331.73,DR,4436.48,UPI/dvyqwlm7ccdi@okaxis/P2M/nx72p4ox@oksbi/BigBazaar
28/02/2021,,1264.64,DR,3171.84,UPI/duk203ugzp0k@oksbi/P2M/zg8k1yi0@ptbyl/Paytm
27/02/2021,458490,1111.33,DR,2060.51,UPI/m5r1vq3xuiux@ybl/P2M/pn1u6a5z@paytm/BigBazaar
27/02/2021,473123,2617.43,CR,4677.94,UPI/znaulg114jlf@axl
27/02/2021,891744,3347.76,CR,8025.7,UPI/wyy7hhx2xvsw@axl
27/02/2021,,3498.35,CR,11524.05,UPI/7hhkjxhgyk3c@ybl
27/02/2021,851337,1470.55,DR,10053.5,UPI/e0xpz7idpdl4@okaxis/P2M/1on8uv3s@ptbsi/BigBazaar
27/02/2021,,727.88,DR,9325.62,UPI/szvj9rpkmynw@ybl/P2M/meuzdpv0@ptbsi/VENNA
27/02/2021,,1429.13,DR,7896.49,UPI/d2galxtnbsl4@okhdfc/P2M/0ugx9wbx@oksbi/VENNA
27/02/2021,,4201.93,CR,12098.42,UPI/wort5ty2z1f8@ybl
27/02/2021,,1428.56,DR,10669.86,UPI/wtraiw7jgrla@paytm/P2M/qutqoo2y@ptbyl/AxisBank
27/02/2021,,938.66,DR,9731.2,UPI/03vqrzl6pue2@axl/P2M/l26e0ai1@paytm/VENNA
27/02/2021,,1144.97,DR,8586.23,UPI/ula5yn3xz62k@oksbi/P2M/0pb2nsct@oksbi/VENNA
26/02/2021,,1456.36,DR,7129.87,UPI/nl2vmdkfuzp3@okaxis/P2M/ec9zqper@oksbi/AxisBank
26/02/2021,507909,673.79,DR,6456.08,UPI/wsme2m7ueyfp@okaxis/P2M/94i8x8ld@ptbyl/VENNA
26/02/2021,,504.94,DR,5951.14,UPI/qy90cfy30pds@paytm/P2M/p9y61w0y@oksbi/Amazon
26/02/2021,737093,1298.27,DR,4652.87,UPI/vewi0vjsei3l@okhdfc/P2M/gyirnckp@ptbsi/Airtel
26/02/2021,,471.03,DR,4181.84,UPI/8aw97ejji0xe@axl/P2M/280zmrvp@paytm/VENNA
26/02/2021,227122,352.91,DR,3828.93,UPI/ycz28750z8z3@paytm/P2M/37ytnjm9@ptbsi/Paytm
26/02/2021,384192,142.44,DR,3686.49,UPI/pokdcscvm2xy@ybl/P2M/9m7ef1nu@ptbyl/Chala
26/02/2021,,866.59,DR,2819.9,UPI/mfxe28vz4b95@okhdfc/P2M/19wxf760@paytm/Amazon
26/02/2021,386710,1277.1,DR,1542.8,UPI/47lhquq59fmb@oksbi/P2M/5ihe4bco@oksbi/Flipkart
26/02/2021,121472,933.16,DR,609.64,UPI/llo1jqw6vaa9@ybl/P2M/2833sedv@oksbi/Flipkart
26/02/2021,,2713.86,CR,3323.5,UPI/thoq1qx9q7nu@oksbi
25/02/2021,953480,29.48,DR,3294.02,UPI/xf97iktsmx1r@paytm/P2M/pf14vyx9@ptbyl/Amazon
25/02/2021,,1349.96,DR,1944.06,UPI/n0317oj0redf@paytm/P2M/eroyn580@paytm/Chala
25/02/2021,,1028.31,CR,2972.37,UPI/gu92u4w9sigd@okhdfc
25/02/2021,,609.8,DR,2362.57,UPI/lw61qi13dqh7@ybl/P2M/u5yi45as@paytm/VENNA
25/02/2021,,1345.34,DR,1017.23,UPI/z680pnetj1ra@axl/P2M/pv3mrctf@ptbsi/Flipkart
25/02/2021,,689.32,DR,327.91,UPI/sjuq49xjvc6a@axl/P2M/6rdinwdx@ptbsi/AxisBank
25/02/2021,,169.49,DR,158.42,UPI/6csm77510akd@ybl/P2M/rzs517xz@paytm/VENNA
24/02/2021,,3985.28,CR,4143.7,UPI/rclchds249ti@okhdfc
24/02/2021,,1411.15,DR,2732.55,UPI/vuwkohzrghii@okaxis/P2M/ye700nr2@ptbyl/AxisBank
24/02/2021,785175,21.37,DR,2711.18,UPI/v358vmhos3tg@okaxis/P2M/n6mcqn62@ptbsi/Airtel
24/02/2021,,45.36,DR,2665.82,UPI/qkfsodrn24hh@oksbi/P2M/7jkpci1o@ptbyl/Chala
24/02/2021,117260,472.54,DR,2193.28,UPI/um887hptiwqo@ybl/P2M/73y6lmse@ptbyl/Chala
24/02/2021,702542,752.24,DR,1441.04,UPI/to01b27uqt4g@ybl/P2M/eqydqn4d@oksbi/Chala
23/02/2021,,965.72,DR,475.32,UPI/9kqytipw2iw3@okhdfc/P2M/nk7tajtb@oksbi/AxisBank
23/02/2021,359640,22.09,DR,453.23,UPI/w1rx1enq6crl@oksbi/P2M/8o8y0dnq@oksbi/Paytm
23/02/2021,147460,97.81,DR,355.42,UPI/01pgtgxwypfn@ybl/P2M/v34aaag2@ptbyl/Airtel
23/02/2021,219348,1557.18,CR,1912.6,UPI/xl9qzlocdink@okhdfc
23/02/2021,,950.46,DR,962.14,UPI/wb0ldaqdw5ug@axl/P2M/v7a7p7mp@ptbyl/Amazon
23/02/2021,406409,89.0,DR,873.14,UPI/3q8gkaq1pst3@paytm/P2M/lhsj0h9z@ptbsi/Chala
22/02/2021,,533.03,DR,340.11,UPI/kpf91j9nrviv@oksbi/P2M/rrmlc382@ptbyl/AxisBank
21/02/2021,,285.24,DR,54.87,UPI/j0wjmrza5q4h@axl/P2M/e3324muc@oksbi/Chala
21/02/2021,391275,930.95,CR,985.82,UPI/t84k0j7ktwpr@ybl
20/02/2021,114104,526.49,DR,459.33,UPI/iqs9je4lohro@paytm/P2M/gc3f0yu8@oksbi/VENNA
20/02/2021,897172,116.73,DR,342.6,UPI/tb76icmaw1ej@axl/P2M/stcyiivx@oksbi/Edara
20/02/2021,,340.81,DR,1.79,UPI/zt638emcwquq@ybl/P2M/ueo4l0i4@ptbsi/AxisBank
20/02/2021,,363.27,CR,365.06,UPI/jdc87c55ff5o@okaxis
20/02/2021,718426,184.96,DR,180.1,UPI/iv7ozn2ur4xz@paytm/P2M/0gc11zc1@oksbi/BigBazaar
19/02/2021,,113.48,DR,66.62,UPI/8rhdh2xy7ngd@axl/P2M/367px8pi@paytm/Flipkart
18/02/2021,,2855.77,CR,2922.39,UPI/t4sf5fql6q86@ybl
18/02/2021,,628.9,DR,2293.49,UPI/xtfibs17t7w8@paytm/P2M/ri5w37ru@ptbsi/VENNA
18/02/2021,,239.76,DR,2053.73,UPI/vtb72n0zqcqr@ybl/P2M/jndjqskd@oksbi/Flipkart
18/02/2021,672534,4849.22,CR,6902.95,UPI/lpsl04zgufhf@ybl
18/02/2021,,117.93,DR,6785.02,UPI/jdq0p6izhiax@ybl/P2M/gzffb5fq@ptbyl/Paytm
18/02/2021,,699.43,DR,6085.59,UPI/5kaer6345zu8@ybl/P2M/p6lp6my5@oksbi/Amazon
18/02/2021,778293,1367.61,DR,4717.98,UPI/katwjhzn5w2c@okaxis/P2M/tjxzgai1@paytm/Paytm
18/02/2021,,90.83,DR,4627.15,UPI/wbua36sa7a7q@axl/P2M/yjo8krvg@ptbsi/Flipkart
17/02/2021,256908,1234.02,DR,3393.13,UPI/erjen7xfxtdm@ybl/P2M/m78flv7i@ptbyl/Paytm
17/02/2021,137280,202.0,DR,3191.13,UPI/mf2e65zji3pb@okaxis/P2M/a2ba03cc@oksbi/AxisBank
17/02/2021,,1618.46,CR,4809.59,UPI/thyx5q6nc25f@okaxis
17/02/2021,383851,3699.39,CR,8508.98,UPI/qmgrapwly0s9@ybl
17/02/2021,625234,1137.25,DR,7371.73,UPI/pjo56zohhu8w@ybl/P2M/ov1ptn7z@oksbi/BigBazaar
17/02/2021,597693,478.83,DR,6892.9,UPI/pv7thpsyssjk@okaxis/P2M/5m5ag104@ptbsi/AxisBank
17/02/2021,,206.22,CR,7099.12,UPI/6xs328fek3hm@oksbi
17/02/2021,,3993.26,CR,11092.38,UPI/lf8yi948mije@axl
17/02/2021,576165,1057.03,DR,10035.35,UPI/4czzerol5304@axl/P2M/od6y1jq8@ptbyl/Edara
17/02/2021,847864,370.14,DR,9665.21,UPI/738if3qq07uk@okaxis/P2M/9tkyk146@paytm/Chala
17/02/2021,,1410.54,CR,11075.75,UPI/1y0m9e4hugsh@okaxis
16/02/2021,,236.44,DR,10839.31,UPI/mvdqs90u403v@paytm/P2M/yn5ln1q3@ptbsi/BigBazaar
16/02/2021,,820.82,DR,10018.49,UPI/k3rmfssyhilo@ybl/P2M/df3mamw1@ptbyl/Paytm
16/02/2021,551154,785.82,DR,9232.67,UPI/z4y9h10beiru@axl/P2M/ag49i4rn@ptbyl/Amazon
16/02/2021,,754.35,DR,8478.32,UPI/2uwod7i0wu6p@paytm/P2M/59oh0tya@paytm/VENNA
16/02/2021,302100,484.19,DR,7994.13,UPI/g74o9y1n3vn3@okhdfc/P2M/ba5fe93a@ptbsi/Paytm
16/02/2021,548162,1268.01,DR,6726.12,UPI/0ksptyq1euli@oksbi/P2M/bf8ftini@oksbi/VENNA
16/02/2021,,1867.39,CR,8593.51,UPI/dsiknxx28ah6@okhdfc
16/02/2021,,556.09,DR,8037.42,UPI/8m906auhklh0@okaxis/P2M/u4970edw@paytm/Edara
16/02/2021,352241,1463.01,CR,9500.43,UPI/8vinj25y396n@oksbi
16/02/2021,770853,614.09,DR,8886.34,UPI/k6n5qp2shhm4@paytm/P2M/z6t7pwjv@ptbsi/AxisBank
16/02/2021,120724,338.39,DR,8547.95,UPI/y8iv05pho0zf@okaxis/P2M/hkwc1g0q@oksbi/Flipkart
15/02/2021,,1485.78,DR,7062.17,UPI/zv8u7bo4ecer@paytm/P2M/pu7r8dpa@paytm/Flipkart
15/02/2021,193679,855.14,DR,6207.03,UPI/vxen12mckg8q@ybl/P2M/hlddfjwj@paytm/Edara
15/02/2021,,1287.36,DR,4919.67,UPI/2q0oxhy3xndu@okaxis/P2M/8qhd0jrg@oksbi/Edara
15/02/2021,,1352.23,DR,3567.44,UPI/xrzaa13ym6x4@axl/P2M/omf00vyn@oksbi/AxisBank
15/02/2021,,649.29,CR,4216.73,UPI/ymraov3vuxdg@paytm
15/02/2021,866524,712.29,DR,3504.44,UPI/ub7x7vmveq6c@axl/P2M/z9jtqjjr@oksbi/VENNA
15/02/2021,132495,1322.1,DR,2182.34,UPI/u96qnqw24iln@paytm/P2M/3qza82vk@ptbsi/Edara
15/02/2021,,519.42,DR,1662.92,UPI/ckuvf01vuirl@okhdfc/P2M/m5vuaup3@paytm/BigBazaar
15/02/2021,360571,814.58,DR,848.34,UPI/6qsul1c6m4il@okhdfc/P2M/c3d2yqpf@ptbyl/Paytm
15/02/2021,387362,1316.78,CR,2165.12,UPI/nggz7gcm7064@okaxis
15/02/2021,,205.2,DR,1959.92,UPI/lijnotazaqu4@axl/P2M/kdgh7dpb@oksbi/Edara
14/02/2021,284461,386.16,DR,1573.76,UPI/3ywxmqzoviry@okhdfc/P2M/y4kfbp30@ptbyl/AxisBank
14/02/2021,448659,268.86,DR,1304.9,UPI/zz428tnkn8gl@ybl/P2M/vg6hehrz@ptbyl/Chala
14/02/2021,,312.37,DR,992.53,UPI/9o5ygnpx8loc@okhdfc/P2M/l03niv60@ptbsi/Amazon
14/02/2021,,733.12,DR,259.41,UPI/45gz3s3oygis@oksbi/P2M/wiz2nx91@oksbi/Amazon
14/02/2021,,157.36,DR,102.05,UPI/jxcqbt4blkd7@okaxis/P2M/8w7pt5ee@ptbyl/VENNA
13/02/2021,541211,591.17,CR,693.22,UPI/6w0mc46uvyut@ybl
13/02/2021,655716,295.85,DR,397.37,UPI/5k9im8n6elj2@okaxis/P2M/e0vdr9yt@paytm/Amazon
13/02/2021,,4109.28,CR,4506.65,UPI/qzefu5jlqgbi@axl
13/02/2021,472553,1443.18,DR,3063.47,UPI/f6znio0ktv9n@okaxis/P2M/xifir9c7@oksbi/VENNA
13/02/2021,510496,499.68,DR,2563.79,UPI/5ww4kfpwbc63@oksbi/P2M/g6gcrx9d@ptbyl/Amazon
12/02/2021,794141,665.12,DR,1898.67,UPI/6lwbg30xei23@okaxis/P2M/vw8j6b1h@oksbi/Airtel
12/02/2021,,3692.79,CR,5591.46,UPI/qwacrseqh4e9@paytm
12/02/2021,,1488.58,DR,4102.88,UPI/jyoqpddlj5x1@ybl/P2M/plnu4hq5@ptbsi/VENNA
12/02/2021,596047,4007.76,CR,8110.64,UPI/btj41en5ubya@okaxis
12/02/2021,352085,1427.25,DR,6683.39,UPI/luvoio51zijy@paytm/P2M/a1k8b78i@ptbyl/Edara
12/02/2021,,1285.93,DR,5397.46,UPI/xkpdio8qk2lr@oksbi/P2M/gei9jftj@oksbi/Airtel
12/02/2021,571648,809.46,DR,4588.0,UPI/r23feyjd0oo1@okhdfc/P2M/3jfq98hd@oksbi/AxisBank
12/02/2021,,73.82,DR,4514.18,UPI/7b0lq2fj86iw@axl/P2M/kczls1mt@ptbsi/VENNA
12/02/2021,,1181.82,DR,3332.36,UPI/3i3jamcgpk8q@okhdfc/P2M/v2716ht5@ptbyl/Edara
12/02/2021,783620,657.4,DR,2674.96,UPI/5l511gfboemh@okhdfc/P2M/dx5zf2zj@oksbi/Amazon
12/02/2021,860352,1082.77,DR,1592.19,UPI/7p3mxxpb52qo@paytm/P2M/h7zyc4fh@ptbyl/BigBazaar
11/02/2021,249585,4562.45,CR,6154.64,UPI/k7c4utg8r5ci@ybl
11/02/2021,185914,696.45,DR,5458.19,UPI/th7nvrnupb6y@ybl/P2M/p0dwxvgs@ptbyl/AxisBank
11/02/2021,545687,434.9,DR,5023.29,UPI/5ziyokcm2m42@okaxis/P2M/gw7xjixv@oksbi/AxisBank
11/02/2021,200141,940.54,DR,4082.75,UPI/jbjb3gdgk252@paytm/P2M/c83l14dv@ptbyl/AxisBank
11/02/2021,,4791.09,CR,8873.84,UPI/21xi3qzjzkaf@okhdfc
11/02/2021,,525.09,DR,8348.75,UPI/g7g19i8w3zsm@okhdfc/P2M/7l1fakq5@paytm/BigBazaar
11/02/2021,358667,1358.58,DR,6990.17,UPI/wobnfzul9mbx@okhdfc/P2M/mdn23buq@ptbyl/Edara
11/02/2021,,913.67,DR,6076.5,UPI/tl7rz4sfdawv@okaxis/P2M/mvlvga8q@ptbyl/Edara
11/02/2021,374245,129.56,DR,5946.94,UPI/n5vc9wjpqh75@okaxis/P2M/jyhe1gtt@paytm/Amazon
11/02/2021,663081,1056.2,DR,4890.74,UPI/fbiqf6lxmgi8@okhdfc/P2M/dboh9c6y@ptbsi/BigBazaar
11/02/2021,,1072.86,DR,3817.88,UPI/0gwr0dg98oyi@axl/P2M/7aqdqh11@paytm/Chala
10/02/2021,,872.59,DR,2945.29,UPI/23lliih228oz@oksbi/P2M/d7d977cv@ptbsi/AxisBank
10/02/2021,,2817.41,CR,5762.7,UPI/hrgon06jsk8s@okhdfc
10/02/2021,,2276.97,CR,8039.67,UPI/zgoroy6u60ja@paytm
10/02/2021,,866.23,DR,7173.44,UPI/gaclnm9lt99i@oksbi/P2M/47nfi6f0@ptbsi/Chala
10/02/2021,,783.7,DR,6389.74,UPI/8dl4efi5ufh4@okaxis/P2M/10u2fluw@ptbyl/Airtel
10/02/2021,,1412.81,DR,4976.93,UPI/r4xqooe92nun@axl/P2M/wwqscrco@paytm/VENNA
10/02/2021,,1138.95,DR,3837.98,UPI/s5kbehu8ntkq@okaxis/P2M/uxq4hoq5@paytm/Chala
10/02/2021,,343.97,CR,4181.95,UPI/z1ptsakjoeey@ybl
10/02/2021,,3756.55,CR,7938.5,UPI/uugxq723rszo@paytm
10/02/2021,,1486.77,DR,6451.73,UPI/5py1p28kheqs@okaxis/P2M/fxo1ltrb@paytm/Edara
10/02/2021,565785,69.72,DR,6382.01,UPI/chf3yl7aq8vq@oksbi/P2M/p4tx9woo@oksbi/Chala
09/02/2021,,909.3,DR,5472.71,UPI/ks6bw3k5sn6r@ybl/P2M/yyssu9bo@ptbyl/Flipkart
09/02/2021,,1352.61,DR,4120.1,UPI/sqmnkiz56sit@okhdfc/P2M/d48d0yej@oksbi/BigBazaar
09/02/2021,,577.34,DR,3542.76,UPI/0avdfd1iy6iv@axl/P2M/9kh0znj6@ptbsi/Chala
09/02/2021,,927.58,DR,2615.18,UPI/uscmvnbbju6q@okaxis/P2M/136tblbu@ptbsi/Paytm
09/02/2021,488229,886.61,DR,1728.57,UPI/5ma3dbn7th3r@ybl/P2M/4nphf8dz@ptbsi/VENNA
09/02/2021,590373,1323.25,CR,3051.82,UPI/vrekxn3bf4s3@okhdfc
09/02/2021,,950.07,DR,2101.75,UPI/2mrp6v34d237@ybl/P2M/exgsmyng@ptbyl/AxisBank
09/02/2021,,432.61,DR,1669.14,UPI/ae36za5b2kn1@oksbi/P2M/knbaliuf@paytm/Chala
09/02/2021,,631.51,DR,1037.63,UPI/2h4ez93hy5t3@paytm/P2M/u8khrz9o@ptbyl/Paytm
09/02/2021,969688,332.97,DR,704.66,UPI/lc5v4p4v8oom@okhdfc/P2M/95sgvkse@paytm/Flipkart
08/02/2021,,60.31,DR,644.35,UPI/bnk2em69u4pa@okaxis/P2M/1yssb2ta@ptbsi/AxisBank
08/02/2021,555551,239.23,DR,405.12,UPI/6l20ky4ebn5o@okhdfc/P2M/0y2juo98@ptbyl/Flipkart
08/02/2021,398508,1905.85,CR,2310.97,UPI/xjp4mczu71nr@okaxis
08/02/2021,987889,3667.37,CR,5978.34,UPI/405edwpznnuv@okhdfc
08/02/2021,560951,1038.44,CR,7016.78,UPI/uqm3cpkdyor9@oksbi
08/02/2021,,1433.93,DR,5582.85,UPI/jr7nx4to24kj@okaxis/P2M/4my6xhjm@paytm/BigBazaar
08/02/2021,,807.24,DR,4775.61,UPI/f63u7y6slkga@okhdfc/P2M/v5ezhmpw@oksbi/Chala
08/02/2021,,727.08,CR,5502.69,UPI/gqi44ted1hwo@okaxis
08/02/2021,609902,1433.35,DR,4069.34,UPI/ohh802dqac3u@axl/P2M/m5ep04xo@ptbyl/Edara
08/02/2021,611509,57.72,DR,4011.62,UPI/0xrbn2jt3wr3@axl/P2M/9o7vzbyv@ptbyl/Edara
08/02/2021,610949,1230.21,DR,2781.41,UPI/4rgbrvphkmus@ybl/P2M/b4qlg7ns@ptbsi/Airtel
07/02/2021,,1453.56,DR,1327.85,UPI/t6ksjxt4bqtl@paytm/P2M/fa7cymp3@ptbyl/Edara
07/02/2021,766235,126.37,DR,1201.48,UPI/1qad7v49aek7@oksbi/P2M/chj0l8da@paytm/Chala
07/02/2021,,843.13,DR,358.35,UPI/cva7tos3h5a0@ybl/P2M/hagbrr2s@paytm/Chala
07/02/2021,,338.6,DR,19.75,UPI/0o2ur9pvvk9b@paytm/P2M/r0ajcsea@oksbi/Chala
06/02/2021,990669,3890.13,CR,3909.88,UPI/umqnesj0yh14@oksbi
06/02/2021,655107,1086.72,DR,2823.16,UPI/t1yymtxux3sb@okaxis/P2M/0q4v4ujh@ptbyl/Amazon
06/02/2021,,314.85,CR,3138.01,UPI/g8maborqbhgd@okhdfc
06/02/2021,811771,636.4,DR,2501.61,UPI/4s83g2fwt5m0@paytm/P2M/hlhuczx0@paytm/AxisBank
06/02/2021,294143,1497.35,DR,1004.26,UPI/1ivht14iha15@okhdfc/P2M/6bw13jif@oksbi/AxisBank
05/02/2021,,577.15,DR,427.11,UPI/0sq0ol6yl60q@oksbi/P2M/gk9tzpx9@oksbi/Paytm
05/02/2021,180732,2903.14,CR,3330.25,UPI/djbgyee0rms3@paytm
05/02/2021,,1270.01,DR,2060.24,UPI/cj0ak3f6u50r@ybl/P2M/cdsz5zfm@ptbyl/Edara
05/02/2021,,652.26,DR,1407.98,UPI/5sagqxuh2qxn@okhdfc/P2M/p5komj76@ptbsi/Paytm
05/02/2021,,1259.24,DR,148.74,UPI/05pzafjylf1w@ybl/P2M/p3616234@ptbyl/AxisBank
05/02/2021,188442,11.47,DR,137.27,UPI/blhnxnkfqmcz@oksbi/P2M/ye7yrxsw@paytm/Edara
05/02/2021,,29.75,DR,107.52,UPI/on47okias8qw@okaxis/P2M/bby9d5wv@ptbyl/Chala
05/02/2021,,680.63,CR,788.15,UPI/pwdcj8lkus2m@paytm
04/02/2021,,83.45,DR,704.7,UPI/h4aye717bltq@okhdfc/P2M/eo5vq3ag@ptbsi/VENNA
04/02/2021,391374,1278.45,CR,1983.15,UPI/w6u32hk5jjwx@paytm
04/02/2021,,1297.43,DR,685.72,UPI/t1jb3ctpyz81@axl/P2M/7pqajpqh@paytm/Paytm
04/02/2021,840285,646.19,DR,39.53,UPI/5l6i6q9izu67@axl/P2M/uffecusa@oksbi/Flipkart
03/02/2021,,4559.55,CR,4599.08,UPI/6zc7vi2bixrw@okhdfc
03/02/2021,313948,1318.01,DR,3281.07,UPI/xelegjcb0hfv@axl/P2M/av2derti@ptbyl/Flipkart
03/02/2021,,339.89,DR,2941.18,UPI/rkx4272x9f80@axl/P2M/i9peny42@ptbsi/Chala
02/02/2021,,172.4,DR,2768.78,UPI/e6enibyns4ir@oksbi/P2M/qjr74i90@ptbsi/AxisBank
02/02/2021,731681,4840.23,CR,7609.01,UPI/0o321r8uoppo@okaxis
02/02/2021,987884,4949.2,CR,12558.21,UPI/dixwlq18l2zi@ybl
02/02/2021,,1250.34,DR,11307.87,UPI/eps7814k6v3i@axl/P2M/lm362woo@ptbyl/Amazon
02/02/2021,979219,448.97,DR,10858.9,UPI/8wmnsxa3yhzu@oksbi/P2M/z25u7ni1@paytm/AxisBank
02/02/2021,412222,4333.26,CR,15192.16,UPI/3j9l3ntqsnmv@ybl
02/02/2021,793469,514.34,DR,14677.82,UPI/mrce00ve4s3m@oksbi/P2M/ybmaz3wu@paytm/Flipkart
02/02/2021,,1214.42,DR,13463.4,UPI/wsyg98xh8ex9@oksbi/P2M/z20lyp6w@paytm/Flipkart
02/02/2021,,1205.2,DR,12258.2,UPI/il9wj7n0fy41@ybl/P2M/31nj3kth@oksbi/VENNA
02/02/2021,835929,1113.67,DR,11144.53,UPI/ef5jiwl04hqv@ybl/P2M/62bhhzdq@ptbsi/Paytm
02/02/2021,768106,776.45,DR,10368.08,UPI/6vgwveqx82lw@okhdfc/P2M/b667565k@paytm/Amazon
01/02/2021,157705,907.94,DR,9460.14,UPI/jjewkgt2kxzc@axl/P2M/9g62a2kl@paytm/Flipkart
01/02/2021,,1089.18,DR,8370.96,UPI/sjyxm3kh3u0s@okhdfc/P2M/yw8wd3jx@paytm/Airtel
01/02/2021,,1756.07,CR,10127.03,UPI/l4lr4xqhwphl@okhdfc
01/02/2021,106359,1103.9,DR,9023.13,UPI/5bqhkbchpub4@axl/P2M/5ukuff3l@paytm/Edara
01/02/2021,,700.34,DR,8322.79,UPI/72doxv5crb8c@okhdfc/P2M/p6wdkjzd@paytm/Chala
01/02/2021,,443.13,DR,7879.66,UPI/2j9vaq6txxr4@ybl/P2M/sem1jpvb@paytm/Airtel
01/02/2021,292729,1233.34,DR,6646.32,UPI/xbqzio4d1vpb@okaxis/P2M/au1s8ao0@oksbi/Edara
01/02/2021,,379.28,DR,6267.04,UPI/xi8rbqgzb44a@ybl/P2M/5fvqkj2n@ptbyl/Airtel
01/02/2021,116169,21.89,DR,6245.15,UPI/z02tjhztyvof@ybl/P2M/k9nsq73e@oksbi/Amazon
01/02/2021,,742.42,DR,5502.73,UPI/u07abrt1fome@paytm/P2M/22ex9wim@ptbyl/Edara
01/02/2021,,923.33,DR,4579.4,UPI/t4tttnc6ib50@oksbi/P2M/n4p3yhyu@ptbyl/Chala
