Date,Instrument ID,Amount,Type,Balance,Remarks
31/08/2024,156382,535.73,DR,294.26,UPI/a0dw9fn4lx1k@ybl/P2M/8h9f7ao5@ptbyl/Chala
31/08/2024,,275.79,DR,18.47,UPI/tg5oywa59v50@ybl/P2M/58v2o5gz@ptbsi/Paytm
31/08/2024,,528.44,CR,546.91,UPI/aarppv7aejnw@ybl
31/08/2024,902731,3798.13,CR,4345.04,UPI/6nmauie6rbwc@oksbi
31/08/2024,380337,794.19,DR,3550.85,UPI/ff9k3jnnjee1@oksbi/P2M/ckmlu9us@ptbsi/BigBazaar
31/08/2024,,1470.91,DR,2079.94,UPI/qwjxilywnxcc@okaxis/P2M/gg8q2vcv@paytm/Airtel
31/08/2024,,713.61,DR,1366.33,UPI/lclw0xp7j1gn@oksbi/P2M/2qvlbou7@paytm/Amazon
31/08/2024,,1279.29,DR,87.04,UPI/13j4hcogurre@axl/P2M/bibi4c1w@oksbi/Chala
30/08/2024,,4492.84,CR,4579.88,UPI/7v2t5rxg4t9n@axl
30/08/2024,,1005.33,DR,3574.55,UPI/zdxhkq8s7yk4@ybl/P2M/7cd45p7p@ptbyl/VENNA
30/08/2024,,685.41,DR,2889.14,UPI/can5wz9f1tzf@oksbi/P2M/sjw8uosh@ptbsi/Flipkart
30/08/2024,,1288.79,DR,1600.35,UPI/gltg97pvonh5@okaxis/P2M/q3nfwp22@oksbi/Chala
30/08/2024,468772,503.42,DR,1096.93,UPI/7z1p2vyxqzgo@okaxis/P2M/x6wplo9v@paytm/Chala
30/08/2024,217788,85.32,DR,1011.61,UPI/lfqlkhdczish@axl/P2M/zkk1y7h6@paytm/Chala
30/08/2024,,621.88,DR,389.73,UPI/iwoh4uc7obab@ybl/P2M/b3p46p14@oksbi/Chala
29/08/2024,770089,1580.47,CR,1970.2,UPI/i1pa5yzc8hwu@okhdfc
29/08/2024,,336.28,DR,1633.92,UPI/gprov6jhg51u@okaxis/P2M/df8lmmtf@paytm/Chala
29/08/2024,590753,1195.11,DR,438.81,UPI/p16drhffk0go@okhdfc/P2M/6ppmgyc3@oksbi/AxisBank
29/08/2024,760022,101.87,DR,336.94,UPI/38op5rac8spa@axl/P2M/6e62vqz7@oksbi/Paytm
29/08/2024,,2787.78,CR,3124.72,UPI/9hlrrcr4x16g@ybl
29/08/2024,,805.55,DR,2319.17,UPI/bc9p5lmppjnn@okhdfc/P2M/wd3rj0qc@oksbi/Amazon
29/08/2024,309574,627.79,DR,1691.38,UPI/mv7qlraafsvy@okaxis/P2M/a5fry140@ptbyl/Airtel
29/08/2024,,270.47,DR,1420.91,UPI/o973ilmc1b22@oksbi/P2M/x6gf1xey@oksbi/VENNA
29/08/2024,,754.94,DR,665.97,UPI/9547o37nce6w@okhdfc/P2M/qvmk9i4t@paytm/Paytm
29/08/2024,,519.33,DR,146.64,UPI/68bnw0k88qnh@okaxis/P2M/79aw3ps1@paytm/Airtel
29/08/2024,514685,3247.46,CR,3394.1,UPI/exdrf2cjkokn@okhdfc
29/08/2024,,223.51,DR,3170.59,UPI/px3imnrwhd0l@ybl/P2M/g2hrg3du@ptbyl/BigBazaar
28/08/2024,692264,1399.72,CR,4570.31,UPI/md0hsab31vdm@okaxis
28/08/2024,,1228.18,DR,3342.13,UPI/fntfybeh1qve@paytm/P2M/wp6rn94t@paytm/Amazon
28/08/2024,438819,883.47,DR,2458.66,UPI/ju03nkbx3wgn@axl/P2M/asgqvi0o@paytm/VENNA
28/08/2024,,562.35,DR,1896.31,UPI/qmv489x0iap0@okhdfc/P2M/ohwpsoli@ptbyl/VENNA
28/08/2024,151408,1460.76,DR,435.55,UPI/s2hexyvkmlkr@oksbi/P2M/5pk1z7zn@paytm/Amazon
28/08/2024,,413.1,DR,22.45,UPI/y50pdb84bk2q@okaxis/P2M/306cfrh3@ptbyl/Paytm
28/08/2024,758422,3656.35,CR,3678.8,UPI/fxqh89m830l6@paytm
28/08/2024,777372,68.9,DR,3609.9,UPI/k9fnuqz1164k@oksbi/P2M/dj0dhnho@oksbi/Edara
28/08/2024,487475,396.97,DR,3212.93,UPI/0g8z4d2ih4fn@okhdfc/P2M/6bnq84h0@oksbi/AxisBank
28/08/2024,887939,920.3,DR,2292.63,UPI/k06ekupbcprl@paytm/P2M/kzeuvs44@paytm/VENNA
28/08/2024,835046,1285.38,DR,1007.25,UPI/6ndh2ej8uudt@okaxis/P2M/hrxl0xrv@ptbsi/Airtel
28/08/2024,,1702.11,CR,2709.36,UPI/e700wasi2rpn@oksbi
27/08/2024,,65.06,DR,2644.3,UPI/b0fuijxqxgw4@okhdfc/P2M/dum2clop@oksbi/VENNA
27/08/2024,,637.22,DR,2007.08,UPI/ixpftxn7oev7@ybl/P2M/0mqpfrze@paytm/BigBazaar
27/08/2024,238187,732.24,CR,2739.32,UPI/rbsj2oaqjw8e@axl
27/08/2024,188899,869.69,DR,1869.63,UPI/b91q3vkkllh8@okhdfc/P2M/xvs10ase@ptbsi/Paytm
27/08/2024,,963.86,DR,905.77,UPI/yf8edafpwkq1@ybl/P2M/ltbpxyb2@oksbi/Airtel
27/08/2024,,395.89,DR,509.88,UPI/6pqp8ivd8rnv@paytm/P2M/eg56gl9x@paytm/Chala
27/08/2024,,509.17,DR,0.71,UPI/zzfyubl0p16b@okaxis/P2M/hzalh0gj@ptbsi/AxisBank
27/08/2024,,2829.37,CR,2830.08,UPI/8tix42cwwf8y@axl
27/08/2024,,128.96,DR,2701.12,UPI/b8ldgk4kfl21@okaxis/P2M/yveychfu@paytm/Amazon
27/08/2024,,989.71,DR,1711.41,UPI/5mpabcz744i4@ybl/P2M/xn5ixcsi@oksbi/AxisBank
27/08/2024,,1342.66,DR,368.75,UPI/kyl5bzbxszus@okaxis/P2M/zfwzkhun@oksbi/Amazon
26/08/2024,,3345.59,CR,3714.34,UPI/nhbu8w47zso1@oksbi
26/08/2024,,446.01,DR,3268.33,UPI/2xafh65toqgo@okhdfc/P2M/s6c93q3p@paytm/Chala
26/08/2024,,1057.68,DR,2210.65,UPI/9o8y45fuuj00@okaxis/P2M/y6rtolxh@ptbyl/VENNA
26/08/2024,,284.24,DR,1926.41,UPI/8m2odeo90ew8@okhdfc/P2M/99x3d7pj@paytm/AxisBank
26/08/2024,,99.37,DR,1827.04,UPI/odieweqhf91f@axl/P2M/5wrqbw3e@oksbi/BigBazaar
26/08/2024,,226.82,DR,1600.22,UPI/c5sv6f9uaetv@oksbi/P2M/72zx1zmr@oksbi/AxisBank
26/08/2024,,1488.38,DR,111.84,UPI/3eb4rpy06dj8@paytm/P2M/navtfzg9@oksbi/AxisBank
26/08/2024,,4226.42,CR,4338.26,UPI/w89759ljtv8p@paytm
26/08/2024,,1170.17,DR,3168.09,UPI/g5n1xeip016l@ybl/P2M/ebjljq13@paytm/Paytm
25/08/2024,,693.23,DR,2474.86,UPI/6yxrul2l1mgk@ybl/P2M/n6nn28ga@ptbsi/Airtel
25/08/2024,,253.98,DR,2220.88,UPI/5apl7vpljo3b@axl/P2M/iwi52csb@oksbi/BigBazaar
25/08/2024,,1229.02,DR,991.86,UPI/8oo97umvxvsa@paytm/P2M/hf1gbh2n@ptbyl/BigBazaar
25/08/2024,697998,588.96,DR,402.9,UPI/bkxa7kb5ho8o@oksbi/P2M/gm43a4kl@paytm/Chala
25/08/2024,585447,322.74,DR,80.16,UPI/b9yqfn49xfyz@okhdfc/P2M/jxrzwyhs@oksbi/Edara
25/08/2024,735396,4448.11,CR,4528.27,UPI/toswoj3vzfn7@ybl
25/08/2024,,78.69,DR,4449.58,UPI/wf30maw4o0i5@ybl/P2M/xswsel6t@oksbi/VENNA
25/08/2024,507987,1453.89,CR,5903.47,UPI/btitq9fs503k@okhdfc
25/08/2024,,571.64,DR,5331.83,UPI/qkiqy056h20r@axl/P2M/uu2usdeo@ptbyl/AxisBank
25/08/2024,,1413.6,DR,3918.23,UPI/3c2idxgnxrbt@okhdfc/P2M/cmrpzqjc@ptbyl/Airtel
25/08/2024,999062,648.28,DR,3269.95,UPI/w96nbt4rgk3t@oksbi/P2M/y5y9arxa@oksbi/Edara
24/08/2024,840614,380.9,DR,2889.05,UPI/blsf26yulevr@okaxis/P2M/n3nhykc7@ptbyl/Edara
24/08/2024,690893,1335.35,DR,1553.7,UPI/ht1oipe0nv3x@oksbi/P2M/9bcezs9d@ptbyl/Chala
24/08/2024,,752.72,DR,800.98,UPI/skh29yk3h9v1@okhdfc/P2M/ibgyjswi@oksbi/AxisBank
24/08/2024,557957,509.58,CR,1310.56,UPI/w87v10jb8ivn@okhdfc
24/08/2024,,92.47,DR,1218.09,UPI/r4z1wfjtdedb@oksbi/P2M/jug7h8ak@paytm/Edara
24/08/2024,,3768.39,CR,4986.48,UPI/7ew6r3qbzy20@ybl
24/08/2024,,211.84,DR,4774.64,UPI/2pgu1009ubb4@paytm/P2M/7x1ibmkg@paytm/AxisBank
24/08/2024,508972,325.73,DR,4448.91,UPI/zz28ynwktp6r@paytm/P2M/b18vr2x1@paytm/AxisBank
24/08/2024,,534.5,DR,3914.41,UPI/5fuk2tuy301x@okaxis/P2M/j5knvrnd@oksbi/Amazon
24/08/2024,,2687.53,CR,6601.94,UPI/wawa4subvmn5@okhdfc
24/08/2024,,357.27,CR,6959.21,UPI/0jqdg8m03jtc@okhdfc
24/08/2024,,1170.3,DR,5788.91,UPI/n7pxbvb4zwdy@paytm/P2M/iy9d1km8@paytm/Flipkart
24/08/2024,,357.15,DR,5431.76,UPI/7v96uxv8kvid@axl/P2M/5rzbhwv8@ptbyl/Flipkart
24/08/2024,,1321.53,DR,4110.23,UPI/frqdk9jf8vbv@oksbi/P2M/sq3lgfcu@ptbyl/Flipkart
23/08/2024,,893.76,DR,3216.47,UPI/bq5903ekxkvq@paytm/P2M/ih1j8fye@ptbsi/VENNA
23/08/2024,855868,1445.34,DR,1771.13,UPI/1fkfsu3fojns@okhdfc/P2M/llaqqvw4@ptbsi/AxisBank
23/08/2024,,760.97,DR,1010.16,UPI/njpwbzj0zb4x@paytm/P2M/xxo11pob@ptbsi/Airtel
23/08/2024,,601.15,DR,409.01,UPI/kijkc9x6rc8u@okaxis/P2M/0lfhj40u@oksbi/Amazon
23/08/2024,915269,272.51,DR,136.5,UPI/jqbb46zn9jlr@axl/P2M/65faszit@ptbsi/Chala
23/08/2024,,128.16,DR,8.34,UPI/32rfeh9upjwu@oksbi/P2M/qu5vaws3@ptbsi/Flipkart
23/08/2024,,3575.85,CR,3584.19,UPI/hw5t7l75osb8@okhdfc
23/08/2024,,547.36,DR,3036.83,UPI/mzh7labwsucq@okhdfc/P2M/es2aq2wd@ptbsi/AxisBank
23/08/2024,,1006.78,DR,2030.05,UPI/8rjvis5o1eq3@paytm/P2M/kni0e6bu@paytm/Flipkart
23/08/2024,,632.79,DR,1397.26,UPI/vkkdb2hi5k19@oksbi/P2M/v5o2499p@ptbyl/Airtel
23/08/2024,,48.31,DR,1348.95,UPI/217wa3kgas59@axl/P2M/s8ce88uj@paytm/VENNA
22/08/2024,,1093.73,DR,255.22,UPI/7kbzl9ixgk9h@okhdfc/P2M/n4p66jlj@ptbyl/AxisBank
22/08/2024,,4770.87,CR,5026.09,UPI/it9mdid4h64u@oksbi
22/08/2024,,472.14,DR,4553.95,UPI/1tvxhxr6728t@oksbi/P2M/fjc4iyqp@ptbsi/BigBazaar
22/08/2024,409764,759.48,DR,3794.47,UPI/e93qnxufddaj@axl/P2M/excebrj1@ptbsi/Airtel
22/08/2024,658629,1273.73,DR,2520.74,UPI/7t099uguiy8o@axl/P2M/gy3p627e@ptbsi/AxisBank
22/08/2024,,940.94,DR,1579.8,UPI/gc5flftikhup@okhdfc/P2M/t3e9nmvi@oksbi/Airtel
22/08/2024,,1016.49,DR,563.31,UPI/luw1n3dlcv3g@oksbi/P2M/0ohcg173@ptbsi/Chala
22/08/2024,563137,198.47,DR,364.84,UPI/pmlij5v6esna@oksbi/P2M/v7pjuvr4@paytm/Edara
22/08/2024,,90.23,DR,274.61,UPI/dsaq0lol7p5c@paytm/P2M/wnoac7nn@paytm/Edara
22/08/2024,,201.93,DR,72.68,UPI/7u8l0jv6ua7m@axl/P2M/3tpapuby@ptbyl/Airtel
21/08/2024,,462.25,CR,534.93,UPI/ppwi0n9hu9kr@axl
21/08/2024,,267.03,DR,267.9,UPI/mu18nbbczevm@paytm/P2M/n5klljjm@ptbsi/Paytm
20/08/2024,629622,1153.63,CR,1421.53,UPI/64waci6n0t4l@okaxis
20/08/2024,,77.5,DR,1344.03,UPI/g8mml554e789@paytm/P2M/33b3q2zd@oksbi/BigBazaar
20/08/2024,566769,1047.76,DR,296.27,UPI/3ih4n5bxftdy@okhdfc/P2M/22hziw9c@ptbsi/Flipkart
20/08/2024,,1760.78,CR,2057.05,UPI/zdl2r8lyr0fi@ybl
20/08/2024,,1477.29,DR,579.76,UPI/lf828prufl71@axl/P2M/w6tdd8rk@oksbi/Edara
20/08/2024,456434,272.43,DR,307.33,UPI/kmtpskykl5tq@paytm/P2M/8a72iq8e@paytm/AxisBank
20/08/2024,146574,4655.94,CR,4963.27,UPI/3fman2ftlj99@paytm
20/08/2024,676033,98.69,DR,4864.58,UPI/ppi0v4orrckt@oksbi/P2M/3m6mg2nu@ptbsi/VENNA
19/08/2024,,667.53,DR,4197.05,UPI/vawkauocifum@oksbi/P2M/ay0dmuvv@ptbyl/VENNA
19/08/2024,,2206.91,CR,6403.96,UPI/rp3x0tw81c7l@okaxis
19/08/2024,,25.01,DR,6378.95,UPI/qsoy6dh3epqa@okhdfc/P2M/8we7s2fv@ptbsi/Chala
19/08/2024,,1376.36,DR,5002.59,UPI/etou6hv0krnl@okhdfc/P2M/vmcndeuf@paytm/Edara
19/08/2024,,568.43,DR,4434.16,UPI/o5iuaq16p82u@paytm/P2M/bga3q3gy@paytm/Flipkart
19/08/2024,938609,586.7,DR,3847.46,UPI/n4iwvv62wdzu@paytm/P2M/xmaixqnu@oksbi/BigBazaar
19/08/2024,,445.52,DR,3401.94,UPI/1t4kaghjlg7y@oksbi/P2M/1c6kyfr3@oksbi/Paytm
19/08/2024,187672,1541.24,CR,4943.18,UPI/wjrvv0trqt8p@ybl
19/08/2024,825032,303.63,DR,4639.55,UPI/zzjqruu7pc8u@oksbi/P2M/hdx6px0n@paytm/Paytm
19/08/2024,,2459.38,CR,7098.93,UPI/xz31twb7k0vb@oksbi
19/08/2024,,1129.26,DR,5969.67,UPI/cp0ycgpg42fc@paytm/P2M/cjs2m9a1@ptbyl/BigBazaar
19/08/2024,702969,887.03,DR,5082.64,UPI/9yhu28rphvj0@okaxis/P2M/6ksrlsog@oksbi/Chala
19/08/2024,,265.8,DR,4816.84,UPI/dcxjco0asizj@okhdfc/P2M/5tfkjxjy@ptbyl/BigBazaar
19/08/2024,956893,1414.3,DR,3402.54,UPI/u5amvb7q4koa@axl/P2M/37dupxiu@paytm/Chala
19/08/2024,,949.16,DR,2453.38,UPI/wdoclpen434o@ybl/P2M/lbnony1g@ptbyl/Edara
18/08/2024,,961.1,DR,1492.28,UPI/88ceryj3u13t@axl/P2M/53drdr8d@oksbi/BigBazaar
18/08/2024,,345.21,DR,1147.07,UPI/rmc76le2rbg6@okaxis/P2M/kh4bwoio@oksbi/Amazon
18/08/2024,,406.42,DR,740.65,UPI/e6lqaxni3i44@okhdfc/P2M/9m6ki0z1@oksbi/Chala
18/08/2024,992461,55.96,DR,684.69,UPI/pr61o76gsbci@okhdfc/P2M/osys8vft@ptbsi/Airtel
18/08/2024,,231.99,DR,452.7,UPI/n2bidwgj0gjf@axl/P2M/pcfu6dqo@oksbi/Airtel
18/08/2024,,437.18,DR,15.52,UPI/ishjjitlbm8c@ybl/P2M/6jokgci3@paytm/Paytm
18/08/2024,,4767.48,CR,4783.0,UPI/1pu4sd04yhg1@paytm
18/08/2024,,655.85,DR,4127.15,UPI/eu6ovsnhgyc1@okhdfc/P2M/qduda651@ptbyl/Flipkart
18/08/2024,217041,109.43,CR,4236.58,UPI/4h8kw19kb7a1@oksbi
18/08/2024,,429.68,DR,3806.9,UPI/2x6il82eapv1@axl/P2M/n7mnhqv7@ptbyl/BigBazaar
18/08/2024,,1251.2,DR,2555.7,UPI/ife14beuse9y@axl/P2M/5pxgcvp9@oksbi/Paytm
18/08/2024,447723,1467.85,DR,1087.85,UPI/leuybnncj7rl@axl/P2M/kgjzsnss@ptbsi/Paytm
17/08/2024,,300.58,DR,787.27,UPI/7g92vjg9yk2c@axl/P2M/jqpdbhy7@paytm/Flipkart
17/08/2024,,519.4,DR,267.87,UPI/frmehhog9hkf@okaxis/P2M/b9a5mf9n@ptbsi/Paytm
17/08/2024,996622,133.49,DR,134.38,UPI/6k5ziwakz3ad@ybl/P2M/rq189cjd@ptbsi/BigBazaar
17/08/2024,425250,12.07,DR,122.31,UPI/e7f9wnetk2b0@okaxis/P2M/sbgspp3p@oksbi/BigBazaar
17/08/2024,,66.09,DR,56.22,UPI/myd3f40m7atm@axl/P2M/zopwbl26@paytm/Paytm
16/08/2024,,1944.33,CR,2000.55,UPI/eon5kny8e9ok@oksbi
16/08/2024,908365,4233.94,CR,6234.49,UPI/9g6ft5rbom1v@okaxis
16/08/2024,,797.79,DR,5436.7,UPI/eip5bczxkgu0@axl/P2M/bbv8wqrt@ptbsi/VENNA
16/08/2024,,917.89,DR,4518.81,UPI/fp93qkg0rw2h@okhdfc/P2M/za04humd@oksbi/Flipkart
16/08/2024,,744.55,DR,3774.26,UPI/i85e5r4dmp32@okhdfc/P2M/1j2ibjn0@paytm/Amazon
16/08/2024,290802,707.02,DR,3067.24,UPI/tdoph9i893xp@oksbi/P2M/2bfpjtt4@ptbsi/Paytm
16/08/2024,,451.95,DR,2615.29,UPI/6tjxv0hdj6ev@okaxis/P2M/13c2vlnu@ptbsi/VENNA
16/08/2024,713413,1267.47,DR,1347.82,UPI/oyhdezd4ucoy@axl/P2M/0cbxmpqo@ptbyl/AxisBank
16/08/2024,108191,537.12,DR,810.7,UPI/s048z4m9k387@okhdfc/P2M/yh9dbk2q@ptbyl/Chala
16/08/2024,,257.2,DR,553.5,UPI/m3rrwv0awwak@paytm/P2M/faexhbps@oksbi/Flipkart
15/08/2024,,1679.63,CR,2233.13,UPI/347ujn3w339p@ybl
15/08/2024,,339.89,DR,1893.24,UPI/vmumwtyxwdnh@axl/P2M/s8dulwsj@paytm/Airtel
15/08/2024,,676.13,DR,1217.11,UPI/1pqi63bnlmsx@ybl/P2M/0al7d83x@paytm/Airtel
15/08/2024,,363.05,DR,854.06,UPI/msgy8rdzzlgr@oksbi/P2M/wv5p2x7n@oksbi/Chala
15/08/2024,,432.89,DR,421.17,UPI/ktgf6wh2klom@oksbi/P2M/dcc8fi6u@paytm/Chala
15/08/2024,345411,211.92,DR,209.25,UPI/8dt1zmyhcl62@paytm/P2M/ouehqpwh@oksbi/VENNA
15/08/2024,130198,2417.92,CR,2627.17,UPI/zzf1dvlthnf0@ybl
15/08/2024,245166,806.04,DR,1821.13,UPI/fze6bbuw8yse@oksbi/P2M/ujpxutbf@ptbyl/AxisBank
15/08/2024,402948,332.54,DR,1488.59,UPI/cmwr0sg76lq8@okaxis/P2M/zuorxd9d@ptbsi/Paytm
14/08/2024,,621.6,DR,866.99,UPI/v5q8la33vmyx@paytm/P2M/hcx4zngb@oksbi/Amazon
14/08/2024,795340,283.23,DR,583.76,UPI/qx29lmz26wev@okhdfc/P2M/31ctjrku@ptbsi/Chala
14/08/2024,377910,3268.03,CR,3851.79,UPI/bkvnibbk78d7@ybl
14/08/2024,236008,1041.47,DR,2810.32,UPI/4803pew6yypq@paytm/P2M/1ibtksh6@ptbsi/Amazon
14/08/2024,,901.48,DR,1908.84,UPI/x9d7ld8qab5j@axl/P2M/iyksls15@ptbyl/Chala
14/08/2024,,253.43,DR,1655.41,UPI/ktamy80fwzq3@paytm/P2M/t4yktd28@paytm/Flipkart
14/08/2024,,628.66,DR,1026.75,UPI/10mrk5beb6tf@paytm/P2M/ukss3uz7@paytm/Edara
14/08/2024,,4299.02,CR,5325.77,UPI/o5lzvozjr15w@okhdfc
14/08/2024,442264,435.88,DR,4889.89,UPI/iyij6nvc1x85@axl/P2M/owlnv1od@oksbi/BigBazaar
14/08/2024,,319.71,DR,4570.18,UPI/l3k23hj4ivuw@oksbi/P2M/811nesoo@oksbi/Paytm
14/08/2024,,1245.91,DR,3324.27,UPI/e8mvmtv79gyz@okaxis/P2M/zj27pn3f@oksbi/Paytm
13/08/2024,,170.68,DR,3153.59,UPI/5kvydwrgimp0@paytm/P2M/g3hc3ntm@paytm/Flipkart
13/08/2024,962567,819.61,DR,2333.98,UPI/c5ghr313o6k5@oksbi/P2M/cng9xy79@ptbyl/Edara
13/08/2024,,3109.7,CR,5443.68,UPI/xeqgpph06gqo@okaxis
13/08/2024,,1221.51,DR,4222.17,UPI/cu9pe4ktoxjz@axl/P2M/ps0ocunc@oksbi/Edara
13/08/2024,,122.64,DR,4099.53,UPI/fcd8oec256m6@okaxis/P2M/9l1tc589@ptbsi/Edara
13/08/2024,,300.99,DR,3798.54,UPI/8i41gjbhjo46@okhdfc/P2M/8vydrk26@oksbi/Chala
13/08/2024,,108.78,DR,3689.76,UPI/sn6b4eas2xoa@oksbi/P2M/xcsgha7h@paytm/Chala
13/08/2024,,2488.8,CR,6178.56,UPI/hf3pbd8fofaf@paytm
13/08/2024,,1318.94,DR,4859.62,UPI/rvxiu53pzwvn@okaxis/P2M/6t6x6dtk@paytm/Chala
13/08/2024,625365,1191.5,DR,3668.12,UPI/vaie06aojbnj@axl/P2M/y005z9zh@oksbi/Chala
13/08/2024,232425,173.22,DR,3494.9,UPI/n6ad0u94c1c2@okhdfc/P2M/3zxkp0jy@ptbsi/Airtel
13/08/2024,174481,527.81,DR,2967.09,UPI/oqcpa9y29k8y@axl/P2M/v9pjbqbb@ptbsi/Flipkart
13/08/2024,609015,625.74,DR,2341.35,UPI/5jzj7tkb0r51@paytm/P2M/mhlz80em@oksbi/Paytm
13/08/2024,,38.09,DR,2303.26,UPI/v1k5cc0btm3n@axl/P2M/7r9emlix@oksbi/BigBazaar
13/08/2024,110157,1434.27,DR,868.99,UPI/a08mu1l1jy6s@ybl/P2M/u67q6q5r@ptbsi/AxisBank
12/08/2024,,48.97,DR,820.02,UPI/n34x42a7xuzl@ybl/P2M/gohnctfc@ptbsi/AxisBank
12/08/2024,,109.24,DR,710.78,UPI/ofypeuydeb9x@okaxis/P2M/vbt2wtm8@oksbi/VENNA
12/08/2024,,4711.19,CR,5421.97,UPI/3tmkceookj6q@okhdfc
12/08/2024,,769.15,DR,4652.82,UPI/c4dkn7muhdet@paytm/P2M/5y67sy29@paytm/AxisBank
12/08/2024,,1453.72,CR,6106.54,UPI/dqu8cn5sm5oo@ybl
12/08/2024,646837,1340.17,DR,4766.37,UPI/29cakdbgn7lz@ybl/P2M/0rh8oaze@ptbsi/VENNA
12/08/2024,,580.8,DR,4185.57,UPI/48iazadd2f6v@okaxis/P2M/rwr00swg@ptbsi/BigBazaar
12/08/2024,,161.19,DR,4024.38,UPI/ufrvn3uovrt5@oksbi/P2M/xsrd81bq@paytm/Edara
12/08/2024,,398.17,CR,4422.55,UPI/sr5wmhjz67cm@axl
12/08/2024,136466,1445.38,DR,2977.17,UPI/56xugq5gjeja@oksbi/P2M/1ate2k6g@ptbsi/VENNA
12/08/2024,,1008.56,DR,1968.61,UPI/ub7z817y7pn0@oksbi/P2M/os1rczh2@oksbi/AxisBank
12/08/2024,,942.89,DR,1025.72,UPI/burqe89otgfg@okaxis/P2M/vnp8mu3j@ptbsi/Airtel
12/08/2024,,432.82,DR,592.9,UPI/062r0il59gax@paytm/P2M/qavkh5p8@ptbsi/Edara
11/08/2024,798867,98.31,DR,494.59,UPI/wxart1xuzu2w@axl/P2M/66ce5n20@paytm/Amazon
11/08/2024,,347.2,DR,147.39,UPI/u9nmwoqbpl95@okhdfc/P2M/bxp7n6tk@ptbsi/Amazon
11/08/2024,306860,2711.28,CR,2858.67,UPI/ow15rhn3wo87@oksbi
11/08/2024,,675.11,DR,2183.56,UPI/omqj3qdgncd2@ybl/P2M/ejq5jycw@ptbsi/Edara
11/08/2024,312673,32.41,DR,2151.15,UPI/wjd90cmvgwix@axl/P2M/4axa1uer@paytm/Edara
11/08/2024,,913.76,DR,1237.39,UPI/k9txw06mwbtn@okaxis/P2M/p6k1e6rz@ptbyl/Paytm
11/08/2024,,46.72,DR,1190.67,UPI/xvu8na5xy7ox@axl/P2M/etr9ifmz@oksbi/BigBazaar
11/08/2024,967155,689.7,DR,500.97,UPI/21xyquh9tre2@axl/P2M/1n3vo4b1@ptbyl/Chala
11/08/2024,945948,72.37,DR,428.6,UPI/pws03dze2fup@okaxis/P2M/yyfv35gi@ptbyl/Paytm
11/08/2024,,645.82,CR,1074.42,UPI/t5co5gk8lyym@ybl
11/08/2024,,375.44,DR,698.98,UPI/nrt416hlehxv@ybl/P2M/lqwipnzl@paytm/VENNA
11/08/2024,,140.44,DR,558.54,UPI/xt0mk7aifokc@paytm/P2M/fyycmlpj@ptbsi/Airtel
10/08/2024,,2874.53,CR,3433.07,UPI/dzuteixuyi7h@okhdfc
10/08/2024,,395.83,CR,3828.9,UPI/d3gizrdpxahn@okaxis
10/08/2024,839814,152.9,DR,3676.0,UPI/hkctmd0bsqgu@ybl/P2M/8zw0jknr@ptbyl/Flipkart
10/08/2024,,107.83,CR,3783.83,UPI/pdlcgr6y6zln@okhdfc
10/08/2024,,68.85,DR,3714.98,UPI/jd2jtzjka4e0@okaxis/P2M/aigijq1i@ptbsi/Airtel
10/08/2024,,2445.91,CR,6160.89,UPI/uyu45hs5x9r3@okhdfc
10/08/2024,,1074.98,DR,5085.91,UPI/kafw2qvvub8r@okhdfc/P2M/wy0zbsmt@oksbi/Airtel
10/08/2024,,120.67,DR,4965.24,UPI/htn56l6q13mg@okhdfc/P2M/xmx0zxy2@ptbyl/Amazon
10/08/2024,,1220.31,DR,3744.93,UPI/bixcd1wop6ba@okaxis/P2M/2ok3nt0w@ptbyl/Airtel
10/08/2024,,522.48,DR,3222.45,UPI/43h85fou2a6a@oksbi/P2M/b29ns7ys@ptbyl/Airtel
10/08/2024,,1004.88,DR,2217.57,UPI/3iw04w6vlzxy@oksbi/P2M/6kl6pasy@ptbyl/Flipkart
10/08/2024,362374,945.69,DR,1271.88,UPI/hxgsze7zni2z@paytm/P2M/y6hjre0r@ptbyl/AxisBank
09/08/2024,,1226.36,DR,45.52,UPI/g8iovnicosyh@okhdfc/P2M/au217m37@ptbsi/Airtel
09/08/2024,400231,4029.36,CR,4074.88,UPI/779d005f504k@paytm
09/08/2024,,383.07,DR,3691.81,UPI/5erdhajublg2@okaxis/P2M/jx72m3s1@paytm/Chala
09/08/2024,,124.12,DR,3567.69,UPI/hpyxw66awvkd@okaxis/P2M/vb1y6hug@paytm/BigBazaar
09/08/2024,,748.69,DR,2819.0,UPI/uhmiodrjswsw@okhdfc/P2M/edpbf0fa@oksbi/AxisBank
09/08/2024,318888,670.3,DR,2148.7,UPI/y04og33mahu9@paytm/P2M/pg9zwz6k@oksbi/Chala
09/08/2024,,142.47,DR,2006.23,UPI/ox162wmkkxcp@okhdfc/P2M/z7io5tv7@paytm/Amazon
09/08/2024,,98.38,DR,1907.85,UPI/unkotpk9zj76@paytm/P2M/gnnck7ql@ptbsi/VENNA
09/08/2024,,672.29,DR,1235.56,UPI/j7wkhuv550pf@ybl/P2M/aad8diqz@oksbi/Paytm
09/08/2024,,32.89,DR,1202.67,UPI/6lzjluzptsob@okaxis/P2M/06xinaxf@ptbyl/Flipkart
09/08/2024,,485.37,DR,717.3,UPI/5bgoa0cpbzyt@paytm/P2M/6vjzsir5@ptbyl/Flipkart
08/08/2024,,643.45,CR,1360.75,UPI/n0455bkfngn4@axl
08/08/2024,,587.84,DR,772.91,UPI/sfihpq276or2@axl/P2M/89z9hdlh@paytm/Amazon
08/08/2024,,177.48,DR,595.43,UPI/lfqo87vxy93w@axl/P2M/9gb05snl@ptbyl/Chala
08/08/2024,,292.54,DR,302.89,UPI/6y4j1jwwitna@okhdfc/P2M/yom6qd18@paytm/Paytm
08/08/2024,274363,24.91,DR,277.98,UPI/h4t6ct1wo9f4@paytm/P2M/l5gr8azf@ptbsi/Flipkart
08/08/2024,,170.56,DR,107.42,UPI/k6713vqish0b@paytm/P2M/z0psbhzg@oksbi/BigBazaar
07/08/2024,304278,1629.89,CR,1737.31,UPI/kxdaeix975kb@okaxis
07/08/2024,,1179.07,DR,558.24,UPI/5pzoj38k6bgi@paytm/P2M/qsamxivp@ptbyl/Chala
07/08/2024,,476.63,DR,81.61,UPI/1460hdqj7yqg@oksbi/P2M/b6z4y8u8@ptbsi/Amazon
06/08/2024,,2633.99,CR,2715.6,UPI/guxfeorg3hyx@okhdfc
06/08/2024,,1055.62,CR,3771.22,UPI/ymg1eagcs9le@okhdfc
06/08/2024,,187.24,DR,3583.98,UPI/jnxrs8wr89uu@okaxis/P2M/fv5o6i13@oksbi/Edara
06/08/2024,759421,972.93,DR,2611.05,UPI/3rj5frg8s9z8@oksbi/P2M/otqn5uhi@ptbsi/Flipkart
06/08/2024,,896.96,DR,1714.09,UPI/mt2l7kmsqtlx@oksbi/P2M/vwepsrft@ptbyl/Airtel
06/08/2024,307789,447.19,DR,1266.9,UPI/lujmhdhx7poz@oksbi/P2M/quhlgd63@paytm/Edara
06/08/2024,210254,910.04,CR,2176.94,UPI/msa9mywkppxy@ybl
06/08/2024,,513.66,DR,1663.28,UPI/4uqaqxz0317u@oksbi/P2M/39f9jbaz@ptbyl/AxisBank
06/08/2024,743447,571.88,CR,2235.16,UPI/4k8ufbkf1rqp@ybl
06/08/2024,,4218.41,CR,6453.57,UPI/3mo6lck2u75u@ybl
06/08/2024,681616,282.38,DR,6171.19,UPI/idis32jm5pr4@okaxis/P2M/x4h7sssz@oksbi/Paytm
06/08/2024,,1191.63,DR,4979.56,UPI/yj5iitbtrfx0@okhdfc/P2M/5875yb66@ptbyl/VENNA
05/08/2024,315172,1317.07,DR,3662.49,UPI/lqlam2ycit7p@paytm/P2M/t59cw2ue@ptbsi/BigBazaar
05/08/2024,,126.64,DR,3535.85,UPI/xyh7strnw2dw@axl/P2M/9k2zyht7@ptbsi/Amazon
05/08/2024,,245.52,DR,3290.33,UPI/clphit0cfdbf@okaxis/P2M/oictqkvv@ptbyl/Amazon
05/08/2024,414138,255.44,DR,3034.89,UPI/g029r63ib7ze@axl/P2M/m8d66bow@oksbi/AxisBank
05/08/2024,,1263.53,DR,1771.36,UPI/wfrif6rkex77@paytm/P2M/1nv7oqxu@paytm/AxisBank
05/08/2024,,339.63,DR,1431.73,UPI/6kimy54tjh2l@ybl/P2M/kaqhsigx@ptbyl/Paytm
05/08/2024,,490.13,CR,1921.86,UPI/b66hxupe7bg2@ybl
05/08/2024,,623.43,DR,1298.43,UPI/qgug47tr39fg@okhdfc/P2M/4rdbbm0w@oksbi/Chala
05/08/2024,,107.05,DR,1191.38,UPI/lcmt4zkvmuuz@ybl/P2M/gawvy0s7@paytm/Edara
05/08/2024,592116,1068.28,DR,123.1,UPI/8h26fiaazfs9@axl/P2M/hlbcdh77@oksbi/BigBazaar
05/08/2024,945139,2260.55,CR,2383.65,UPI/y4bs3ok26hml@okaxis
05/08/2024,717200,594.69,DR,1788.96,UPI/fi7jd0h40ysf@ybl/P2M/5pwtqiln@oksbi/Amazon
05/08/2024,,1099.18,DR,689.78,UPI/js04l2zamyie@axl/P2M/kdkxothh@oksbi/Airtel
04/08/2024,440795,477.05,DR,212.73,UPI/hovat8inkkhf@paytm/P2M/0h3ru7vg@ptbyl/Chala
04/08/2024,,3960.24,CR,4172.97,UPI/lbv0w617z6p6@oksbi
04/08/2024,,418.92,DR,3754.05,UPI/dnosfch2dtsp@paytm/P2M/jeq5ytay@ptbyl/Edara
04/08/2024,988942,141.46,DR,3612.59,UPI/s3c3mcaisede@okaxis/P2M/lfsxroi3@oksbi/Airtel
04/08/2024,977120,212.13,DR,3400.46,UPI/j7v6p04t4fo4@paytm/P2M/m8f8vt6s@oksbi/Paytm
04/08/2024,,1386.23,DR,2014.23,UPI/l9f2yjrgfqg1@oksbi/P2M/0816ueiy@oksbi/AxisBank
04/08/2024,,340.76,DR,1673.47,UPI/3xli605npnxe@paytm/P2M/pssy7z74@ptbsi/BigBazaar
04/08/2024,,438.74,DR,1234.73,UPI/ukrgjfztfbhd@oksbi/P2M/l6wp1fe7@paytm/Edara
04/08/2024,778032,50.31,DR,1184.42,UPI/fmfmljzsg631@ybl/P2M/qwy1n0ci@paytm/Flipkart
03/08/2024,810965,365.43,DR,818.99,UPI/hluutcrtvivi@paytm/P2M/3y9uhntx@ptbsi/VENNA
03/08/2024,,588.13,DR,230.86,UPI/ev1digdm9aa6@axl/P2M/isfiwj75@ptbsi/AxisBank
03/08/2024,,584.63,CR,815.49,UPI/3kz9y1ina81y@axl
03/08/2024,,3686.45,CR,4501.94,UPI/g0apb42xn6j9@oksbi
03/08/2024,,1068.2,DR,3433.74,UPI/v9jtzy7i5k9a@ybl/P2M/ehirv8vw@paytm/Flipkart
03/08/2024,,785.82,DR,2647.92,UPI/6pjr4z2byy3c@ybl/P2M/njyctwlu@paytm/Paytm
02/08/2024,434405,1353.17,DR,1294.75,UPI/15uxv771jq6c@okhdfc/P2M/tjbcf1v4@paytm/BigBazaar
02/08/2024,,940.46,CR,2235.21,UPI/07332go5hsni@okaxis
02/08/2024,,939.33,DR,1295.88,UPI/f5buvaxstzhy@ybl/P2M/mgf0wr80@ptbsi/BigBazaar
02/08/2024,,545.56,DR,750.32,UPI/yhz8wkqtj8ak@okhdfc/P2M/s3wp70wr@oksbi/VENNA
02/08/2024,,2768.0,CR,3518.32,UPI/e6ii651frjhg@okaxis
02/08/2024,,463.18,DR,3055.14,UPI/w5ycitfu3vfb@okaxis/P2M/1fxufcnn@oksbi/Flipkart
02/08/2024,864476,1158.53,DR,1896.61,UPI/xe1982joad8g@okhdfc/P2M/t85t1jcs@ptbyl/Edara
02/08/2024,,58.31,DR,1838.3,UPI/3ernbzemraef@okaxis/P2M/g3yts4iw@ptbsi/BigBazaar
02/08/2024,,379.16,DR,1459.14,UPI/kanxjnpucezb@okaxis/P2M/ptl5bcry@oksbi/Paytm
02/08/2024,,1229.18,DR,229.96,UPI/malxhbkgli4o@okaxis/P2M/cqjguxeg@ptbyl/VENNA
02/08/2024,,3724.78,CR,3954.74,UPI/xs4lyb33rdpb@okhdfc
02/08/2024,881484,1302.33,DR,2652.41,UPI/rpaoorbijwvc@ybl/P2M/mz7ccicu@paytm/Flipkart
02/08/2024,,694.03,DR,1958.38,UPI/op0rltuwc7f9@okaxis/P2M/y2tahyk8@paytm/Chala
02/08/2024,842989,759.93,DR,1198.45,UPI/0wfklvfjuhfp@okaxis/P2M/pba755di@ptbsi/BigBazaar
01/08/2024,,1180.97,DR,17.48,UPI/1whr9wq0rwdt@axl/P2M/hnmtpzvd@ptbyl/Amazon
01/08/2024,280483,3725.76,CR,3743.24,UPI/z21d910g9u4b@axl
01/08/2024,847919,28.16,DR,3715.08,UPI/i27wz4i8fvqr@oksbi/P2M/3kx4tu2c@ptbsi/Airtel
01/08/2024,,404.75,DR,3310.33,UPI/z73wz7tdlkid@okaxis/P2M/ah67qoal@paytm/BigBazaar
01/08/2024,,689.34,DR,2620.99,UPI/px6j19g2xoo0@paytm/P2M/2dgq0lqp@ptbsi/Flipkart
01/08/2024,,416.75,DR,2204.24,UPI/sua0lnf6hucn@axl/P2M/jfabf9uq@ptbyl/Flipkart
01/08/2024,,37.2,DR,2167.04,UPI/qa4f3pof94sd@axl/P2M/va8s8h54@oksbi/Amazon
01/08/2024,,729.77,DR,1437.27,UPI/q9gcemep63wd@ybl/P2M/61czoag8@oksbi/Flipkart
01/08/2024,,1087.21,DR,350.06,UPI/3rxqfk7e4r56@paytm/P2M/5eg5g63d@ptbyl/Edara
01/08/2024,,96.42,DR,253.64,UPI/g4t62iyfl322@oksbi/P2M/rz143vkm@ptbsi/Airtel
31/07/2024,737193,212.34,DR,41.3,UPI/la22pat4ogkv@oksbi/P2M/r9u3nkxz@ptbyl/Amazon
31/07/2024,828173,1023.51,CR,1064.81,UPI/pnphe1bwiynk@okhdfc
31/07/2024,,673.52,DR,391.29,UPI/dib9cmlag73e@ybl/P2M/rbooc5ka@ptbyl/Edara
31/07/2024,,1084.13,CR,1475.42,UPI/ic7883519bdn@axl
31/07/2024,397649,3864.81,CR,5340.23,UPI/9ozs7dgp5nhf@okhdfc
31/07/2024,,1382.32,DR,3957.91,UPI/obzssldk27vw@oksbi/P2M/0lqizssf@ptbsi/VENNA
31/07/2024,,281.46,DR,3676.45,UPI/k7dq6wdcwg0x@ybl/P2M/t16ieseg@ptbsi/Edara
30/07/2024,,1477.06,DR,2199.39,UPI/6itq2kx23v9f@okhdfc/P2M/8f0klf4n@ptbyl/Amazon
30/07/2024,767420,4070.42,CR,6269.81,UPI/85maq3dkeetp@okaxis
30/07/2024,442755,155.38,DR,6114.43,UPI/b9jjcu2s1128@ybl/P2M/3prrz1oa@ptbsi/Airtel
30/07/2024,526209,290.71,DR,5823.72,UPI/t6cgu64cosbo@okaxis/P2M/5k3cv30s@ptbsi/Chala
30/07/2024,,988.98,DR,4834.74,UPI/v9tnyyhh3nw1@okhdfc/P2M/4vt8y6l0@ptbyl/Airtel
30/07/2024,,1295.43,DR,3539.31,UPI/ohluwwq71tqn@oksbi/P2M/ldd2setf@paytm/AxisBank
30/07/2024,,248.13,DR,3291.18,UPI/3wr33mjj33a5@oksbi/P2M/uhy3zvw7@ptbsi/Paytm
30/07/2024,955075,728.27,DR,2562.91,UPI/s08ev3xcu575@paytm/P2M/le3yx6kq@ptbsi/VENNA
30/07/2024,,102.04,DR,2460.87,UPI/5lfwesvjyobl@okhdfc/P2M/oy87d5x0@paytm/Edara
30/07/2024,542437,953.91,DR,1506.96,UPI/lira2v211lgl@ybl/P2M/opkx6do6@ptbyl/Edara
30/07/2024,167559,872.83,DR,634.13,UPI/omm9konr9vpc@axl/P2M/kjzu4cs5@ptbsi/AxisBank
30/07/2024,507055,238.8,DR,395.33,UPI/n8g4fx758c2f@oksbi/P2M/lcndiw0y@ptbsi/AxisBank
29/07/2024,,2319.39,CR,2714.72,UPI/5dgfv6vdwtf2@ybl
29/07/2024,841450,1273.04,DR,1441.68,UPI/o7xh4f1eosyo@axl/P2M/pw4hmdsj@ptbyl/Flipkart
29/07/2024,,822.1,DR,619.58,UPI/csjnkx5kbe68@ybl/P2M/p8b2bpjy@oksbi/Chala
29/07/2024,623642,4587.58,CR,5207.16,UPI/yo4tj2b3e5sd@paytm
29/07/2024,,1116.58,DR,4090.58,UPI/pwpvshgwqav0@okhdfc/P2M/2pwdbgw9@oksbi/BigBazaar
29/07/2024,756315,508.63,CR,4599.21,UPI/1yf02wcy31lk@axl
29/07/2024,,1386.49,DR,3212.72,UPI/mm4ds83l5l4n@ybl/P2M/skvmtju4@oksbi/Edara
29/07/2024,,141.42,DR,3071.3,UPI/2pi1eqfjegpx@paytm/P2M/w2k3m1im@paytm/Edara
29/07/2024,943950,73.18,DR,2998.12,UPI/ofv8cd8n5ai5@okaxis/P2M/cl28bsfo@oksbi/Edara
29/07/2024,,1469.69,DR,1528.43,UPI/09sawm10nlls@paytm/P2M/nayhi132@ptbyl/Paytm
29/07/2024,686865,190.95,DR,1337.48,UPI/zer1ct83ocg5@oksbi/P2M/287vfy5s@ptbsi/Edara
29/07/2024,951756,3808.99,CR,5146.47,UPI/nbatmtt08s1e@okhdfc
29/07/2024,,646.45,DR,4500.02,UPI/7bcbx602zkl9@oksbi/P2M/apk40kde@oksbi/Edara
28/07/2024,,2399.23,CR,6899.25,UPI/r1ua8ivmw150@paytm
28/07/2024,839173,290.92,DR,6608.33,UPI/uiwq0scy1tjx@paytm/P2M/k8scnhqs@ptbsi/BigBazaar
28/07/2024,431260,1146.53,DR,5461.8,UPI/1m0fqhfo1kus@ybl/P2M/czwumrs5@oksbi/Paytm
28/07/2024,351265,317.3,DR,5144.5,UPI/mi7ujubnjnf4@axl/P2M/i0j271mb@oksbi/Airtel
28/07/2024,,88.17,DR,5056.33,UPI/golz5a6jfoeh@okhdfc/P2M/uiazd22f@ptbsi/Chala
28/07/2024,,691.57,CR,5747.9,UPI/8l572u786dmq@axl
28/07/2024,,1368.21,DR,4379.69,UPI/vttvhptrrrma@ybl/P2M/ejo01gqu@ptbyl/Chala
28/07/2024,,845.13,DR,3534.56,UPI/u4c36cwst3xl@ybl/P2M/9jgmxw2k@ptbyl/Chala
28/07/2024,615684,1198.59,CR,4733.15,UPI/ek35pvwmevrx@paytm
28/07/2024,,544.04,DR,4189.11,UPI/ippjpy4g7nj9@paytm/P2M/62fhqkd5@oksbi/Airtel
28/07/2024,,785.55,DR,3403.56,UPI/3sb8q2jmq7gx@paytm/P2M/kd25draq@ptbsi/VENNA
28/07/2024,,435.93,DR,2967.63,UPI/5y07ntuh8tkm@paytm/P2M/mp5l8rm6@ptbyl/Amazon
28/07/2024,,826.05,DR,2141.58,UPI/dgh6ywjti9bv@axl/P2M/kwqy6ool@ptbyl/Paytm
28/07/2024,152868,937.56,DR,1204.02,UPI/upg9tckk5y86@ybl/P2M/tbk7ub4r@ptbyl/Chala
28/07/2024,,279.07,DR,924.95,UPI/msi0q5t8s4k6@ybl/P2M/9mg77hcs@paytm/Paytm
27/07/2024,380673,2167.2,CR,3092.15,UPI/kjn9nslxyul2@oksbi
27/07/2024,949118,827.43,DR,2264.72,UPI/s6ha0hhspsl3@okaxis/P2M/k0p67ex8@ptbyl/Amazon
27/07/2024,643715,616.57,DR,1648.15,UPI/zo9ni6r8yvla@paytm/P2M/susejstp@oksbi/Airtel
27/07/2024,,293.59,DR,1354.56,UPI/0thwi2ml9iop@axl/P2M/xsehznel@ptbsi/Chala
27/07/2024,,554.75,DR,799.81,UPI/tvxxaogmmnba@okhdfc/P2M/2ry0sly4@ptbyl/BigBazaar
27/07/2024,812203,39.37,DR,760.44,UPI/wbdmg2ivhv6q@paytm/P2M/mnazpual@oksbi/Edara
27/07/2024,534849,701.23,DR,59.21,UPI/ctt1uzu8rxvx@okhdfc/P2M/kjkp2g9m@oksbi/Chala
27/07/2024,,40.78,DR,18.43,UPI/8x0cmvx6u4qi@okhdfc/P2M/khiunf06@ptbyl/Chala
27/07/2024,,4685.73,CR,4704.16,UPI/suvenkrj562j@okaxis
26/07/2024,,614.52,DR,4089.64,UPI/dridxwsn3jdg@paytm/P2M/fxtk460t@paytm/VENNA
26/07/2024,,924.05,DR,3165.59,UPI/y0yuf3354zny@axl/P2M/jxb1pn8g@ptbsi/VENNA
26/07/2024,,1335.58,DR,1830.01,UPI/9mzet4a81e4x@okaxis/P2M/3ffsrhfu@ptbsi/VENNA
26/07/2024,202009,811.42,DR,1018.59,UPI/xfd14kxds0eb@ybl/P2M/jgo4264z@paytm/Amazon
26/07/2024,,919.48,DR,99.11,UPI/fpbn9jvrqwpj@okaxis/P2M/8u7gg421@ptbsi/Flipkart
26/07/2024,,2849.46,CR,2948.57,UPI/e9ns842livn6@oksbi
26/07/2024,,2859.05,CR,5807.62,UPI/zk04qupd1wwo@okaxis
26/07/2024,388775,574.88,DR,5232.74,UPI/y4il3x0xab4s@okaxis/P2M/4r3b0fgd@paytm/VENNA
26/07/2024,892348,860.87,DR,4371.87,UPI/j2sv6hn7etpu@ybl/P2M/xlaj72yz@ptbsi/BigBazaar
26/07/2024,,1106.5,DR,3265.37,UPI/5k56q2q95mdp@paytm/P2M/8fdbygdm@paytm/Chala
26/07/2024,,1299.54,DR,1965.83,UPI/8sxtyduc65vv@axl/P2M/f8uo5g2m@paytm/Amazon
26/07/2024,,1461.98,DR,503.85,UPI/xpga6edcgdg5@axl/P2M/yvkkawrq@ptbyl/Edara
25/07/2024,,2826.46,CR,3330.31,UPI/n8m8esz15383@okhdfc
25/07/2024,297666,1308.71,DR,2021.6,UPI/hu9nkq4zc7gj@ybl/P2M/b92u5k84@ptbsi/Paytm
25/07/2024,,817.42,DR,1204.18,UPI/09eqqnzy2zua@axl/P2M/onx79nf3@ptbyl/Airtel
25/07/2024,,75.39,DR,1128.79,UPI/bcfbv643oeem@axl/P2M/21s1amnh@oksbi/BigBazaar
25/07/2024,,267.89,DR,860.9,UPI/1lomzyqm579n@axl/P2M/5flqgprk@ptbyl/Paytm
25/07/2024,122251,614.4,DR,246.5,UPI/wue0i2gjx4sw@oksbi/P2M/mxly0w1a@paytm/VENNA
25/07/2024,497194,138.93,DR,107.57,UPI/jsv6gkhma9b8@paytm/P2M/e6g1gf5u@ptbsi/Amazon
25/07/2024,808702,68.99,DR,38.58,UPI/bowcfzhxn2es@okaxis/P2M/8avxhas1@ptbsi/Airtel
25/07/2024,,1268.21,CR,1306.79,UPI/boyxs33nsj9n@oksbi
24/07/2024,,1215.07,DR,91.72,UPI/ct62kha8mw3j@okaxis/P2M/hls3o6p3@paytm/Edara
24/07/2024,,1909.74,CR,2001.46,UPI/3yehme5lyq5b@okhdfc
24/07/2024,,1084.05,CR,3085.51,UPI/98ocdv2nond0@okaxis
24/07/2024,758534,765.62,DR,2319.89,UPI/k5rmbjb484k3@okaxis/P2M/1gn2hw4i@paytm/Paytm
24/07/2024,222712,206.43,DR,2113.46,UPI/xz9vxliuxy6f@axl/P2M/z3u8l0sy@ptbyl/Amazon
24/07/2024,,2040.98,CR,4154.44,UPI/njzhe8hm7trn@ybl
24/07/2024,762329,893.59,DR,3260.85,UPI/nlpot1oxlusw@okhdfc/P2M/jd4icrmh@paytm/Chala
24/07/2024,,1362.6,DR,1898.25,UPI/7g237hxdgf2v@okhdfc/P2M/fcc179dc@oksbi/AxisBank
24/07/2024,,1063.88,DR,834.37,UPI/sq4qhcra0a5q@okaxis/P2M/54h5f9kz@oksbi/Paytm
23/07/2024,,1008.19,CR,1842.56,UPI/ypv2ksfju6hf@okaxis
23/07/2024,951859,472.33,DR,1370.23,UPI/kizorg6yjdrs@okaxis/P2M/kue9fn0s@oksbi/Chala
23/07/2024,111152,836.3,DR,533.93,UPI/ohz59nkpfaz2@axl/P2M/uieau0zp@ptbyl/Paytm
23/07/2024,443529,525.08,DR,8.85,UPI/oi10i142lfmg@oksbi/P2M/pywfpm4n@oksbi/Amazon
23/07/2024,,1695.71,CR,1704.56,UPI/405fq8dv3aij@axl
23/07/2024,606954,760.6,DR,943.96,UPI/1b3m413hghqp@ybl/P2M/vrygoxo9@ptbsi/Chala
23/07/2024,,3469.86,CR,4413.82,UPI/1gjml1sve34x@oksbi
23/07/2024,655212,446.02,DR,3967.8,UPI/u736yjg0qher@oksbi/P2M/jhze0h3p@oksbi/VENNA
23/07/2024,,1370.19,DR,2597.61,UPI/3u5mygp21qp3@okaxis/P2M/pcwqrikd@paytm/Edara
23/07/2024,826436,866.31,DR,1731.3,UPI/ed6qmup0hlkx@okhdfc/P2M/8wl337jh@ptbsi/Amazon
23/07/2024,,872.4,DR,858.9,UPI/osx3qqayplh2@okaxis/P2M/wail6khi@ptbsi/Edara
22/07/2024,,794.22,DR,64.68,UPI/6mi649k3sbk5@okhdfc/P2M/nh6juytr@paytm/Paytm
22/07/2024,,1092.3,CR,1156.98,UPI/8tk5p9bx2901@okhdfc
22/07/2024,134420,457.59,DR,699.39,UPI/o2q9ak9vnbu6@axl/P2M/dpm2pgcy@ptbsi/VENNA
22/07/2024,,1360.69,CR,2060.08,UPI/tr3131uuy1c6@oksbi
22/07/2024,,576.52,DR,1483.56,UPI/1givcuusdvo8@okaxis/P2M/3809fr5y@paytm/AxisBank
22/07/2024,,1036.41,DR,447.15,UPI/awrjxk6eq793@okhdfc/P2M/oqfyfjr8@ptbyl/Airtel
22/07/2024,978497,170.83,DR,276.32,UPI/msjatlr376la@okhdfc/P2M/pcycl97g@oksbi/Chala
22/07/2024,,4978.62,CR,5254.94,UPI/zxbtjc2v4kc6@ybl
22/07/2024,,910.12,DR,4344.82,UPI/ofmrocsk0sf3@okhdfc/P2M/o11xrimv@oksbi/Airtel
22/07/2024,712737,1389.65,DR,2955.17,UPI/xhg72g9ykyjm@ybl/P2M/a14b8xc0@ptbyl/AxisBank
22/07/2024,,1223.65,DR,1731.52,UPI/61mjyrdry7vl@paytm/P2M/zmaug5jg@ptbyl/VENNA
22/07/2024,,227.24,DR,1504.28,UPI/t7s4s1xoieyo@axl/P2M/f5ae0trj@ptbsi/Paytm
21/07/2024,,593.78,DR,910.5,UPI/ss1vonra3fo1@ybl/P2M/15t69083@ptbyl/Amazon
21/07/2024,,526.05,DR,384.45,UPI/mlay9bla88bg@ybl/P2M/r58umnli@paytm/Amazon
21/07/2024,513736,131.07,DR,253.38,UPI/ocwakwox12di@okaxis/P2M/odm1yps1@ptbyl/Chala
21/07/2024,,61.26,DR,192.12,UPI/qg333tndgive@ybl/P2M/nx473d04@ptbyl/VENNA
20/07/2024,,57.19,DR,134.93,UPI/wkoflvdfvjoq@paytm/P2M/e31n1vdx@paytm/Edara
20/07/2024,,1476.95,CR,1611.88,UPI/embjmudluefn@oksbi
20/07/2024,,535.35,DR,1076.53,UPI/ifh1bzo4v5m0@paytm/P2M/3hmj1hbq@oksbi/BigBazaar
20/07/2024,739388,359.06,DR,717.47,UPI/w9nwmlfl4a45@oksbi/P2M/n5zpgj69@ptbyl/Amazon
20/07/2024,270103,358.3,DR,359.17,UPI/jvzdch8tp5kg@okhdfc/P2M/1ds9j9fw@paytm/Paytm
20/07/2024,,274.85,DR,84.32,UPI/adfwk78dbi5k@okhdfc/P2M/ffvf3cyy@oksbi/Paytm
19/07/2024,,74.12,DR,10.2,UPI/fnkn01s61ut1@ybl/P2M/6rz9v32x@ptbyl/Edara
19/07/2024,968781,4103.49,CR,4113.69,UPI/flig2xz53ngq@ybl
19/07/2024,607414,726.84,DR,3386.85,UPI/7usljsikvw97@okhdfc/P2M/ycapbgpp@paytm/Airtel
19/07/2024,,197.55,DR,3189.3,UPI/zy02zq4lewqf@paytm/P2M/ombtfv3c@paytm/Edara
19/07/2024,506515,978.82,DR,2210.48,UPI/4jtfeip86jd1@okhdfc/P2M/0acn3ran@ptbsi/Amazon
19/07/2024,946092,646.41,DR,1564.07,UPI/32g54j32pr3c@okaxis/P2M/dszmyi42@ptbyl/BigBazaar
19/07/2024,193143,97.04,DR,1467.03,UPI/ojfm2gyzlt65@okaxis/P2M/b0yhlf3x@ptbyl/Paytm
19/07/2024,697498,474.4,DR,992.63,UPI/yige6jxln5ms@ybl/P2M/7xtljtxe@oksbi/Airtel
18/07/2024,165626,124.47,DR,868.16,UPI/edoljpok8932@okhdfc/P2M/5myra4zx@ptbyl/VENNA
18/07/2024,,98.43,DR,769.73,UPI/i5zxl3hwlkd2@okhdfc/P2M/by7sj0rc@ptbyl/VENNA
18/07/2024,,496.7,DR,273.03,UPI/pnjbi9ik4ifr@okhdfc/P2M/8phyc5j4@ptbsi/Paytm
18/07/2024,,4740.17,CR,5013.2,UPI/m7vl1ya1w637@okaxis
18/07/2024,,710.63,DR,4302.57,UPI/1860n05gnxdr@oksbi/P2M/0zbjpz61@oksbi/Flipkart
18/07/2024,770085,1454.54,DR,2848.03,UPI/pd56v5rkb0ph@ybl/P2M/a4b5bgje@oksbi/Amazon
18/07/2024,,1449.95,DR,1398.08,UPI/c25hgzb7erwn@okaxis/P2M/u2ngaw5x@ptbsi/Edara
18/07/2024,,4436.99,CR,5835.07,UPI/6kygq215gmx7@oksbi
18/07/2024,290435,781.69,DR,5053.38,UPI/kn0deq79o1ju@okhdfc/P2M/4sp4gkll@ptbyl/Chala
18/07/2024,583256,1457.99,DR,3595.39,UPI/1mdhoc2le6l3@ybl/P2M/4ukasa33@ptbsi/Edara
18/07/2024,,1056.47,DR,2538.92,UPI/lrlsujfyvfk3@paytm/P2M/rv8662tr@ptbsi/Flipkart
18/07/2024,,789.45,DR,1749.47,UPI/0ql2i9c71ouu@axl/P2M/ohsyg9ms@oksbi/VENNA
17/07/2024,,938.71,DR,810.76,UPI/gelxlb55jfc2@okaxis/P2M/mzwtrhgb@oksbi/Airtel
17/07/2024,,118.32,DR,692.44,UPI/lzpwl88jgej1@axl/P2M/z6q8r7kq@ptbsi/BigBazaar
17/07/2024,741311,355.08,DR,337.36,UPI/r7i405ymn8ev@okaxis/P2M/kde0kqxf@paytm/Amazon
17/07/2024,,3996.26,CR,4333.62,UPI/959awmka5aqx@paytm
17/07/2024,547774,2682.89,CR,7016.51,UPI/xj7qi5wj4tqq@okaxis
17/07/2024,519841,1399.08,DR,5617.43,UPI/w3vg7yai6i30@axl/P2M/etmggqsa@ptbyl/Paytm
17/07/2024,,1092.78,DR,4524.65,UPI/tvuaud160lpt@okaxis/P2M/jjwh2y3h@ptbsi/Paytm
17/07/2024,499035,30.55,DR,4494.1,UPI/pg3za9bcg86p@oksbi/P2M/r5fl45uj@paytm/Amazon
17/07/2024,,1342.45,DR,3151.65,UPI/uoy1b97sr4vw@oksbi/P2M/rw29ujn0@ptbyl/VENNA
17/07/2024,,1387.4,DR,1764.25,UPI/o8lovkoropmp@paytm/P2M/lu1rfd7c@oksbi/Edara
17/07/2024,816206,1366.69,DR,397.56,UPI/3cjppq8bc6cm@axl/P2M/73hte82i@paytm/Edara
17/07/2024,,228.98,DR,168.58,UPI/8g61mq1krjlb@okhdfc/P2M/p3x63gk2@paytm/Airtel
16/07/2024,,1125.68,CR,1294.26,UPI/cbep2v5swy3l@ybl
16/07/2024,,886.63,DR,407.63,UPI/adbydlit7lho@okhdfc/P2M/dcsgx6pl@ptbyl/Paytm
16/07/2024,653983,735.85,CR,1143.48,UPI/k58sapb5ujbk@ybl
16/07/2024,,684.14,DR,459.34,UPI/um1rj85cwlk1@ybl/P2M/qj5xpi8o@oksbi/VENNA
15/07/2024,,4488.65,CR,4947.99,UPI/o7f78vmr5awm@axl
15/07/2024,,734.9,DR,4213.09,UPI/kkkj005q8zkj@okaxis/P2M/277amezc@ptbsi/Edara
15/07/2024,726146,299.93,DR,3913.16,UPI/k17fc3l6iou8@axl/P2M/sfx17d6w@oksbi/BigBazaar
15/07/2024,,891.72,DR,3021.44,UPI/ljnalhl96li0@okaxis/P2M/2v8w5c99@ptbsi/AxisBank
15/07/2024,,1244.72,DR,1776.72,UPI/9mpf6hxizgzz@okaxis/P2M/91xy7fin@ptbsi/AxisBank
15/07/2024,318392,456.84,DR,1319.88,UPI/fnp1rqt7woae@oksbi/P2M/3ku298dp@ptbyl/Airtel
15/07/2024,860175,175.59,DR,1144.29,UPI/0am1o4v06sny@ybl/P2M/2rvtje5o@paytm/BigBazaar
15/07/2024,,768.48,DR,375.81,UPI/75fk9dtvymta@axl/P2M/rwtycyt7@oksbi/VENNA
14/07/2024,798400,28.29,DR,347.52,UPI/sbouck9mklhd@paytm/P2M/dplffkys@oksbi/AxisBank
14/07/2024,129826,269.14,DR,78.38,UPI/ev4cw3djkfby@oksbi/P2M/gks0v382@ptbyl/Amazon
13/07/2024,,4453.97,CR,4532.35,UPI/nscgrm5tz78g@paytm
13/07/2024,,372.68,DR,4159.67,UPI/k2jgrrfkd29o@okaxis/P2M/4bmk4kr4@ptbyl/Amazon
13/07/2024,,3267.84,CR,7427.51,UPI/wl36iyw5zp3z@ybl
13/07/2024,,813.36,DR,6614.15,UPI/ntjdn6hj8hoa@oksbi/P2M/ikoyhgj9@ptbsi/Chala
12/07/2024,239307,3574.35,CR,10188.5,UPI/2inu39unfga8@okaxis
12/07/2024,,1186.35,DR,9002.15,UPI/9tbwztproto7@paytm/P2M/pvr2zzku@oksbi/AxisBank
12/07/2024,,960.91,DR,8041.24,UPI/bfoop35l1xe7@ybl/P2M/1v6q0d1n@ptbyl/AxisBank
12/07/2024,462593,511.09,DR,7530.15,UPI/gvr5nli2qn5u@paytm/P2M/vvkqrm1l@ptbyl/Airtel
12/07/2024,890002,1231.77,DR,6298.38,UPI/b0hnlbur2l71@okaxis/P2M/ygxkzn6h@paytm/VENNA
12/07/2024,,205.54,DR,6092.84,UPI/q9v07mb8vsp5@oksbi/P2M/btvgckcr@ptbsi/Paytm
12/07/2024,,503.02,CR,6595.86,UPI/ef3u279bk466@ybl
12/07/2024,699775,307.01,DR,6288.85,UPI/4o1nghoalrw7@paytm/P2M/5agb7175@ptbsi/Airtel
12/07/2024,,589.05,DR,5699.8,UPI/zbj9i8kclcm1@axl/P2M/nvepquc9@oksbi/Flipkart
12/07/2024,,299.25,DR,5400.55,UPI/r7qf72z3ndlu@paytm/P2M/vrj8cis4@ptbyl/Airtel
12/07/2024,,1093.6,DR,4306.95,UPI/zeir5izy1ox9@oksbi/P2M/e65efk6f@ptbyl/VENNA
12/07/2024,,121.6,DR,4185.35,UPI/266wtvll2pss@oksbi/P2M/sg7exin8@ptbyl/BigBazaar
12/07/2024,,1109.43,DR,3075.92,UPI/gdf03f449jqt@oksbi/P2M/uqiy58kv@oksbi/Paytm
12/07/2024,,192.76,DR,2883.16,UPI/5mmjeiip724o@ybl/P2M/9f70y1sv@paytm/Edara
11/07/2024,870738,567.67,DR,2315.49,UPI/67jrwtub9a0z@paytm/P2M/614gs6mj@ptbsi/VENNA
11/07/2024,,762.4,DR,1553.09,UPI/cttx9mn9ckx4@ybl/P2M/od8qdjq0@oksbi/AxisBank
11/07/2024,,581.98,DR,971.11,UPI/53eonvfvja8d@okhdfc/P2M/ytdksrbt@oksbi/Airtel
11/07/2024,487012,2452.24,CR,3423.35,UPI/lxosc1j7dhdj@oksbi
11/07/2024,,481.08,DR,2942.27,UPI/i2qdwonogn1l@okhdfc/P2M/ytvqx9lu@paytm/Chala
11/07/2024,,1390.12,DR,1552.15,UPI/meefxg8a1z47@ybl/P2M/ty5rdlqm@oksbi/VENNA
11/07/2024,372234,1260.37,DR,291.78,UPI/6ry74wa49b28@axl/P2M/a0862lo1@ptbsi/Amazon
11/07/2024,894944,1762.28,CR,2054.06,UPI/1cqdyvr1gr6w@oksbi
11/07/2024,459943,1335.86,DR,718.2,UPI/ak079vr2beif@okhdfc/P2M/jjpptt8t@paytm/Airtel
11/07/2024,,435.04,DR,283.16,UPI/9eu91atsbtgw@okhdfc/P2M/mp54xth2@ptbyl/BigBazaar
10/07/2024,678493,2861.39,CR,3144.55,UPI/k4wbjg5g2yvd@ybl
10/07/2024,744207,3093.42,CR,6237.97,UPI/xu1mwtx4y84g@ybl
10/07/2024,995982,1059.06,DR,5178.91,UPI/6dl3yqjb4idt@ybl/P2M/ny6ko83u@ptbyl/Paytm
10/07/2024,,553.59,DR,4625.32,UPI/azg2iholz3hq@axl/P2M/4yuaepod@paytm/Paytm
10/07/2024,,391.24,DR,4234.08,UPI/ykjydw8i4z0e@axl/P2M/rvx1z6et@ptbyl/Edara
10/07/2024,,446.29,DR,3787.79,UPI/cgqkvyukyud5@ybl/P2M/3mpzo0ch@oksbi/Edara
10/07/2024,,455.92,DR,3331.87,UPI/d2773atoxb10@okaxis/P2M/pfki6osg@paytm/Edara
10/07/2024,,154.15,DR,3177.72,UPI/z25uy3vebw4d@okhdfc/P2M/4hgn27ov@ptbyl/Airtel
09/07/2024,626827,1005.17,DR,2172.55,UPI/jyh9kptqj2hm@oksbi/P2M/npkebmqh@ptbyl/Paytm
09/07/2024,990328,1498.49,DR,674.06,UPI/evynxrztwu9g@axl/P2M/8awtsl6z@ptbsi/Edara
09/07/2024,,413.85,DR,260.21,UPI/z56eaufn6qer@okhdfc/P2M/36v7pg3o@ptbsi/Chala
08/07/2024,148568,63.75,DR,196.46,UPI/8hzrbtqpvohd@axl/P2M/xzva68eb@oksbi/BigBazaar
08/07/2024,,37.26,DR,159.2,UPI/amubpcsptdrn@okaxis/P2M/t5itnaez@ptbsi/Flipkart
07/07/2024,,4829.98,CR,4989.18,UPI/y36ai4xctpm8@okaxis
07/07/2024,,844.67,DR,4144.51,UPI/m5ycg26ihb3m@axl/P2M/6iwpw02f@ptbsi/VENNA
07/07/2024,,1120.09,DR,3024.42,UPI/q38mj6l5m46y@okhdfc/P2M/0gsjmhlu@ptbsi/Amazon
07/07/2024,736424,854.47,DR,2169.95,UPI/w2h2qrtwtkz8@ybl/P2M/s6ah6vof@paytm/Edara
07/07/2024,518790,772.57,DR,1397.38,UPI/nn5yyjzhwmpl@oksbi/P2M/xg70ltzx@ptbsi/Amazon
07/07/2024,440711,408.98,DR,988.4,UPI/1gv1521zo6wv@paytm/P2M/pzq6ir2s@paytm/Airtel
07/07/2024,443117,315.13,DR,673.27,UPI/dbkkrigyq4ud@okaxis/P2M/9l5h217d@ptbsi/Airtel
07/07/2024,921601,443.35,DR,229.92,UPI/ujf6axs8mrpw@okhdfc/P2M/2w2bc77z@ptbyl/AxisBank
07/07/2024,743521,214.24,DR,15.68,UPI/abj57t0si3g5@okaxis/P2M/8iml1kz8@ptbsi/Amazon
07/07/2024,219364,1531.54,CR,1547.22,UPI/xtlglmmsh0zb@paytm
07/07/2024,,1129.79,DR,417.43,UPI/undhaxbdn97k@okaxis/P2M/3sow74y1@paytm/AxisBank
06/07/2024,230172,197.35,DR,220.08,UPI/ec7dvdi1cwet@ybl/P2M/upzwwak8@oksbi/Edara
06/07/2024,,4432.37,CR,4652.45,UPI/4ysf4fz21577@okaxis
06/07/2024,,80.95,DR,4571.5,UPI/5bxglu6tr9jg@oksbi/P2M/s5owk1m5@oksbi/Paytm
06/07/2024,,443.11,DR,4128.39,UPI/xos89hsn0eb1@axl/P2M/wjwiahw0@ptbsi/Airtel
06/07/2024,,1169.97,DR,2958.42,UPI/vnv29ulkysyc@axl/P2M/0laevl5l@ptbsi/Airtel
06/07/2024,,223.64,DR,2734.78,UPI/3ikn17aaight@paytm/P2M/yegyvgzh@oksbi/Paytm
06/07/2024,,218.55,DR,2516.23,UPI/rmlcv0s5g9bk@oksbi/P2M/oh3nsrsk@ptbsi/AxisBank
06/07/2024,,16.37,DR,2499.86,UPI/r4h36md13o7q@okhdfc/P2M/9hjx0cxe@paytm/Amazon
05/07/2024,799840,936.79,DR,1563.07,UPI/eny4t88pimo7@okhdfc/P2M/xnm3rs1s@ptbyl/AxisBank
05/07/2024,,232.44,DR,1330.63,UPI/xz1a479ub0rp@okaxis/P2M/vfvmpfsv@ptbyl/VENNA
05/07/2024,,2760.85,CR,4091.48,UPI/759jdci6zmu4@ybl
05/07/2024,,888.11,DR,3203.37,UPI/j6zlvxnynzcv@ybl/P2M/6ozam3xc@ptbsi/Paytm
05/07/2024,,623.62,DR,2579.75,UPI/s5q8m968bgr5@axl/P2M/xy5ufswi@ptbyl/Flipkart
05/07/2024,,201.36,DR,2378.39,UPI/zhki3q3c25a2@oksbi/P2M/7tmi3cx6@ptbsi/AxisBank
05/07/2024,,199.79,DR,2178.6,UPI/dyzqtepfqtld@okaxis/P2M/9dzliyy5@ptbsi/Chala
05/07/2024,,514.79,CR,2693.39,UPI/47bllthdkzqz@paytm
05/07/2024,,670.64,CR,3364.03,UPI/4nmdxrhul1cp@axl
05/07/2024,587345,118.63,DR,3245.4,UPI/58uik7vlmtqz@paytm/P2M/vdu2t1z5@ptbsi/VENNA
05/07/2024,,552.57,DR,2692.83,UPI/rtp2ad6qs0le@okaxis/P2M/0wwgl7kc@oksbi/Paytm
05/07/2024,,151.98,DR,2540.85,UPI/m7ss40d9li8b@oksbi/P2M/gvkfv2pl@ptbyl/Flipkart
05/07/2024,848338,308.5,DR,2232.35,UPI/z60evvu6jsh3@ybl/P2M/thkixgaz@ptbyl/Airtel
05/07/2024,608283,813.24,DR,1419.11,UPI/uassnyp0dwlq@ybl/P2M/4uy0ywrr@ptbyl/Paytm
04/07/2024,,636.13,DR,782.98,UPI/s09kr5ryncst@axl/P2M/0gpx0lvj@oksbi/Airtel
04/07/2024,,63.99,DR,718.99,UPI/k11z0nnqznyc@okaxis/P2M/tv1t193n@ptbyl/BigBazaar
04/07/2024,,443.0,DR,275.99,UPI/spd9ostvx0vw@oksbi/P2M/bsobl2nc@oksbi/Airtel
04/07/2024,763580,155.07,DR,120.92,UPI/hrniwi71pib2@paytm/P2M/zkj58uw6@oksbi/AxisBank
04/07/2024,698888,2991.7,CR,3112.62,UPI/nrh3gk5ymmt7@oksbi
04/07/2024,,279.18,DR,2833.44,UPI/v58tvbmudsbk@paytm/P2M/nq6xe7kv@ptbsi/Flipkart
03/07/2024,,448.31,DR,2385.13,UPI/xu3k5ip8uv7i@okhdfc/P2M/rb8ukpg3@oksbi/VENNA
03/07/2024,605372,133.87,DR,2251.26,UPI/luegae5os547@ybl/P2M/33mcdntj@oksbi/VENNA
03/07/2024,484129,709.52,DR,1541.74,UPI/htyl1x1xxrxc@okaxis/P2M/0xhjhrb2@paytm/AxisBank
03/07/2024,,4469.11,CR,6010.85,UPI/gvqyi201ga1d@axl
03/07/2024,,634.19,DR,5376.66,UPI/bceyht19plzm@axl/P2M/ch7qjewo@ptbsi/Airtel
03/07/2024,,1313.89,DR,4062.77,UPI/m2hicpmcyaqn@okhdfc/P2M/dgrf14wz@ptbyl/Chala
03/07/2024,590642,851.32,CR,4914.09,UPI/j87a2ehz3uj5@okaxis
03/07/2024,,689.95,DR,4224.14,UPI/abcbmv4o7v7r@okaxis/P2M/h0i8l8z3@ptbsi/Flipkart
03/07/2024,255516,941.23,DR,3282.91,UPI/dptxhntd7z5m@oksbi/P2M/4opdn1vj@ptbsi/Paytm
03/07/2024,333504,385.73,CR,3668.64,UPI/b6ocgp9fln3o@paytm
03/07/2024,710493,81.01,DR,3587.63,UPI/piakf5rsh5uf@ybl/P2M/tbf8arb9@paytm/BigBazaar
03/07/2024,,1137.39,DR,2450.24,UPI/jmcpb3ysrgfs@ybl/P2M/5z1cr32x@oksbi/Chala
03/07/2024,488566,450.29,DR,1999.95,UPI/evk1odhehrm0@oksbi/P2M/6rrmbzr8@oksbi/VENNA
03/07/2024,,783.86,DR,1216.09,UPI/1gnr0elgpuke@paytm/P2M/a11r56ku@paytm/AxisBank
02/07/2024,,4986.59,CR,6202.68,UPI/0y8t7y3rngt9@okhdfc
02/07/2024,,946.71,DR,5255.97,UPI/veyn6465se40@okaxis/P2M/hvlk3azx@oksbi/Paytm
02/07/2024,,1075.97,DR,4180.0,UPI/4ssw1ag37pwb@okaxis/P2M/l5d96q6t@oksbi/Flipkart
02/07/2024,,240.7,DR,3939.3,UPI/gpgu52b8vp2y@oksbi/P2M/o37vjxvt@paytm/AxisBank
02/07/2024,416026,325.98,DR,3613.32,UPI/wgz0kztqy1l1@oksbi/P2M/kzsiv1dm@ptbsi/Airtel
02/07/2024,,346.12,DR,3267.2,UPI/iqugci4hz0ux@axl/P2M/s134z8ha@ptbyl/AxisBank
02/07/2024,,1972.42,CR,5239.62,UPI/v9riepb83s9w@oksbi
02/07/2024,212072,1221.32,DR,4018.3,UPI/y401qmitnm8q@okhdfc/P2M/y54h8yyw@ptbyl/Edara
02/07/2024,,129.23,CR,4147.53,UPI/2d3199jp363b@okaxis
02/07/2024,922632,705.01,DR,3442.52,UPI/rn3vntsil0ez@okaxis/P2M/c46bfkls@ptbsi/Edara
02/07/2024,,54.75,DR,3387.77,UPI/m8xrrkadphua@oksbi/P2M/sriz6ne5@oksbi/Amazon
02/07/2024,,800.41,DR,2587.36,UPI/fkq67laauq8q@ybl/P2M/h0aebod3@paytm/BigBazaar
02/07/2024,,1613.19,CR,4200.55,UPI/9v9d521c6k2s@okhdfc
02/07/2024,,1284.24,DR,2916.31,UPI/jw3u9m6m81ea@okhdfc/P2M/57rwtlei@ptbsi/Flipkart
01/07/2024,,1087.22,DR,1829.09,UPI/bda2iswlgpvp@okaxis/P2M/kqqtgfsj@ptbsi/VENNA
01/07/2024,610824,230.55,DR,1598.54,UPI/mng7un8lx6cy@okhdfc/P2M/3tld2e55@ptbyl/Amazon
01/07/2024,882450,1102.29,DR,496.25,UPI/845dndwkk11o@paytm/P2M/2rb7fhmn@paytm/Paytm
01/07/2024,,378.74,DR,117.51,UPI/avw1qfb55ckw@axl/P2M/nt9267zy@oksbi/Flipkart
01/07/2024,,619.62,CR,737.13,UPI/8tvbu3pfd7j9@okaxis
01/07/2024,638863,153.66,DR,583.47,UPI/cijctb7bcetp@paytm/P2M/ppcljrhp@ptbyl/Amazon
01/07/2024,922243,473.7,DR,109.77,UPI/yuuvz1euvtfi@okaxis/P2M/23wj4tnv@oksbi/Paytm
