Date,Instrument ID,Amount,Type,Balance,Remarks
31/10/2024,,388.25,DR,984.0,UPI/hn1yt9h3oft1@okaxis/P2M/m0tlxvdx@paytm/AxisBank
31/10/2024,,653.44,DR,330.56,UPI/ynvrhulpeiob@paytm/P2M/bq4gywuj@ptbyl/BigBazaar
31/10/2024,143249,193.21,CR,523.77,UPI/i3yq9j53xkgr@paytm
30/10/2024,941411,495.04,DR,28.73,UPI/rhwmlohvjolg@oksbi/P2M/b5e0ongt@oksbi/VENNA
30/10/2024,,2908.48,CR,2937.21,UPI/cdfmk3m79axx@okaxis
30/10/2024,536029,316.04,DR,2621.17,UPI/wklb2gqitbdz@ybl/P2M/fxd1a4fb@oksbi/Edara
30/10/2024,,903.79,CR,3524.96,UPI/0mjlypisvfka@okhdfc
30/10/2024,,1394.81,DR,2130.15,UPI/17q9yx7pi87x@oksbi/P2M/wqws1a6g@ptbyl/Flipkart
30/10/2024,906575,1424.82,DR,705.33,UPI/szn7k6eew8qn@okhdfc/P2M/nzv05ylx@oksbi/Chala
30/10/2024,,635.24,DR,70.09,UPI/itvraaxw3ypj@ybl/P2M/0f166one@paytm/VENNA
29/10/2024,435452,13.87,DR,56.22,UPI/3pb6a250krd2@oksbi/P2M/k5tem85k@ptbsi/Edara
29/10/2024,,1944.95,CR,2001.17,UPI/qo8jjdpuo68q@okhdfc
29/10/2024,975003,603.38,DR,1397.79,UPI/ipka1flv0xq3@axl/P2M/r34ixstq@paytm/Chala
29/10/2024,226665,123.38,DR,1274.41,UPI/rq7gxzjwjm0c@ybl/P2M/ri8x5b16@ptbyl/AxisBank
29/10/2024,,579.69,DR,694.72,UPI/9n8nax4q4lky@okhdfc/P2M/8hqs3fhg@oksbi/Edara
28/10/2024,,4370.98,CR,5065.7,UPI/ora73sg8r5mn@oksbi
28/10/2024,,670.1,DR,4395.6,UPI/yfzveeoxcv05@ybl/P2M/whj3hj00@ptbsi/Amazon
28/10/2024,,1381.96,DR,3013.64,UPI/kbjk7mfyqnfg@okaxis/P2M/hritkn0a@ptbsi/VENNA
28/10/2024,,260.84,DR,2752.8,UPI/y9pvmzbaowye@okhdfc/P2M/uopx7viz@paytm/Airtel
28/10/2024,,767.3,DR,1985.5,UPI/my3mi9sdhsoo@oksbi/P2M/bbnglkya@ptbyl/Airtel
28/10/2024,,225.18,DR,1760.32,UPI/ay3tysrkwx69@paytm/P2M/rnma7q5c@oksbi/Paytm
28/10/2024,802373,688.43,DR,1071.89,UPI/tqmdn89uc016@axl/P2M/j91x6mp3@ptbyl/Edara
28/10/2024,126058,320.1,DR,751.79,UPI/qm8026azqgpe@paytm/P2M/fo0zkvsi@ptbsi/Chala
28/10/2024,,153.16,DR,598.63,UPI/8dtb7of513iu@okaxis/P2M/qjm45odp@oksbi/BigBazaar
28/10/2024,,358.11,DR,240.52,UPI/sj4soia5dvwz@axl/P2M/rtwh9kd0@ptbsi/Edara
28/10/2024,,1379.12,CR,1619.64,UPI/265hym2hk913@ybl
28/10/2024,194898,348.16,DR,1271.48,UPI/cpulbcipwuew@oksbi/P2M/0jmk1ihi@paytm/Paytm
28/10/2024,,305.94,DR,965.54,UPI/cf7gg5ycnynb@okhdfc/P2M/5jtlrdx2@ptbyl/BigBazaar
27/10/2024,,3163.89,CR,4129.43,UPI/5pne65ulxtzk@oksbi
27/10/2024,,1078.41,DR,3051.02,UPI/p43gktb11a7y@axl/P2M/kvn8p010@paytm/Amazon
27/10/2024,,397.36,DR,2653.66,UPI/lkckn0moslvb@paytm/P2M/703ifi0d@paytm/Chala
27/10/2024,,517.36,DR,2136.3,UPI/6lz8txhs5zs6@ybl/P2M/n5ydmtpb@oksbi/Airtel
27/10/2024,,744.59,DR,1391.71,UPI/ey5k5j7ojuq3@okaxis/P2M/27bzgnyb@ptbsi/Chala
27/10/2024,,998.94,DR,392.77,UPI/4gbpjt4wldi7@okaxis/P2M/kk1lucpq@ptbyl/AxisBank
27/10/2024,,2746.59,CR,3139.36,UPI/xgj8opzziabj@paytm
27/10/2024,546196,924.9,DR,2214.46,UPI/mg53uj4xe8vp@oksbi/P2M/evcgayi8@oksbi/VENNA
27/10/2024,,481.94,DR,1732.52,UPI/gfbesy560sdf@oksbi/P2M/ldwxy5p0@paytm/VENNA
27/10/2024,384297,83.67,DR,1648.85,UPI/vfmyo4rwy15k@axl/P2M/oxxtnb9b@paytm/VENNA
27/10/2024,,695.75,DR,953.1,UPI/ea4st70pudug@okhdfc/P2M/s71v8ufu@ptbsi/Paytm
27/10/2024,170718,691.0,DR,262.1,UPI/706qcir56n67@oksbi/P2M/lxgz9321@paytm/AxisBank
26/10/2024,,144.25,DR,117.85,UPI/xour6erjd1uo@paytm/P2M/qjihf063@ptbyl/Airtel
26/10/2024,,497.92,CR,615.77,UPI/uy096fxhj8yr@okhdfc
26/10/2024,,73.47,DR,542.3,UPI/njcv94yz6ez0@okhdfc/P2M/qr66uyzm@oksbi/Paytm
25/10/2024,,361.75,DR,180.55,UPI/j8aq41g9hf34@ybl/P2M/0f36nk1e@paytm/Airtel
25/10/2024,,132.56,DR,47.99,UPI/d59kf1mpqjre@okaxis/P2M/yztqtunw@oksbi/VENNA
24/10/2024,,725.81,CR,773.8,UPI/u7bw6n7ylwp2@oksbi
24/10/2024,,1274.31,CR,2048.11,UPI/byqb2repfuuy@axl
24/10/2024,235368,1460.71,DR,587.4,UPI/0203el6p8twb@axl/P2M/40vkz92z@ptbyl/Airtel
24/10/2024,,88.2,DR,499.2,UPI/gmc4m1nhui44@axl/P2M/f51esmfs@ptbsi/BigBazaar
24/10/2024,241673,257.99,CR,757.19,UPI/gbnrw2z65r8t@okhdfc
24/10/2024,315258,220.56,DR,536.63,UPI/9ku8dvsagf18@ybl/P2M/valodpys@ptbsi/Amazon
23/10/2024,,223.26,CR,759.89,UPI/e0822se08qrg@paytm
23/10/2024,,394.36,DR,365.53,UPI/ecxw2n0i2ncm@ybl/P2M/9sh32wd5@paytm/AxisBank
23/10/2024,,250.0,DR,115.53,UPI/bgck1hv80xbw@oksbi/P2M/20zi7rw0@oksbi/Chala
23/10/2024,690858,91.94,DR,23.59,UPI/2pj8f1lcp0m6@okaxis/P2M/wuvszjce@ptbsi/BigBazaar
22/10/2024,,1430.98,CR,1454.57,UPI/p3ad4nbiyrf3@okaxis
22/10/2024,265695,916.42,DR,538.15,UPI/y97558xl8izd@ybl/P2M/6lklka2s@ptbsi/Edara
22/10/2024,,401.02,CR,939.17,UPI/yv8n15sz1f6m@ybl
22/10/2024,515814,325.43,DR,613.74,UPI/scncm8hs3zz2@ybl/P2M/z17448hn@paytm/Amazon
22/10/2024,,3513.98,CR,4127.72,UPI/2hr6df7s70cc@okaxis
22/10/2024,696326,1288.49,DR,2839.23,UPI/8qj749t3u8n0@paytm/P2M/37nd5c4x@paytm/Flipkart
22/10/2024,,1257.51,DR,1581.72,UPI/j1ukozrli0xk@oksbi/P2M/o8d0b0ct@ptbyl/Edara
22/10/2024,,102.81,DR,1478.91,UPI/qpljd6ub6iws@okhdfc/P2M/sgs72ta0@paytm/Paytm
22/10/2024,197881,2839.53,CR,4318.44,UPI/naabn94uhevt@paytm
22/10/2024,,1083.93,DR,3234.51,UPI/w9sq2yhzfywl@axl/P2M/vonxtqe6@ptbyl/Flipkart
22/10/2024,,749.67,DR,2484.84,UPI/snbl461u8toc@okhdfc/P2M/ub28lwa2@oksbi/Airtel
22/10/2024,989186,482.32,DR,2002.52,UPI/jb35kikp2s44@okhdfc/P2M/pk4nq2x3@ptbsi/Chala
21/10/2024,,1236.93,DR,765.59,UPI/0srpvg2prf66@ybl/P2M/f2w7rlzy@ptbyl/Chala
21/10/2024,,432.51,DR,333.08,UPI/u50iyi4mx4di@oksbi/P2M/ino2ec0c@ptbsi/VENNA
21/10/2024,,252.73,DR,80.35,UPI/v054ahqlogmf@ybl/P2M/tmlr0s98@paytm/AxisBank
21/10/2024,,3663.14,CR,3743.49,UPI/l6dih4jf99pk@okhdfc
21/10/2024,,455.71,DR,3287.78,UPI/zgvledscwozd@okhdfc/P2M/tkxzwb47@ptbsi/AxisBank
21/10/2024,,676.58,DR,2611.2,UPI/uazunf0x8aj5@paytm/P2M/0fdlygkb@oksbi/BigBazaar
21/10/2024,,1357.44,DR,1253.76,UPI/nudv1sycr1lb@paytm/P2M/zilbkwsq@ptbsi/Edara
21/10/2024,,2423.23,CR,3676.99,UPI/wickwgzk4ohk@axl
21/10/2024,,582.75,DR,3094.24,UPI/5ml8vf8x0oq2@oksbi/P2M/tbzwkhs2@ptbsi/Amazon
20/10/2024,635991,146.37,DR,2947.87,UPI/g5o6qty1tsa6@oksbi/P2M/6kmpljn3@paytm/AxisBank
20/10/2024,440276,1012.55,DR,1935.32,UPI/adh731qdnfth@paytm/P2M/m4v7vrx8@oksbi/AxisBank
20/10/2024,319567,140.3,DR,1795.02,UPI/3mxme5doc9pa@okhdfc/P2M/ohxhzdlm@ptbsi/AxisBank
20/10/2024,,1987.65,CR,3782.67,UPI/m6feplvsvxlv@oksbi
20/10/2024,295131,713.39,DR,3069.28,UPI/icziwxep1zkn@oksbi/P2M/ypwlbdye@ptbyl/Airtel
20/10/2024,925557,993.62,DR,2075.66,UPI/99dj7wmzfqor@okhdfc/P2M/g0cqj0v5@ptbyl/Chala
20/10/2024,,670.08,DR,1405.58,UPI/t850zng2owza@ybl/P2M/olicazw7@ptbsi/BigBazaar
20/10/2024,,1155.9,DR,249.68,UPI/uf23eszbigm6@axl/P2M/cdyye41o@ptbsi/Paytm
20/10/2024,384619,16.52,DR,233.16,UPI/jcmrgt5qj3m0@paytm/P2M/llz1nhr0@oksbi/BigBazaar
20/10/2024,911356,23.44,DR,209.72,UPI/700vl6tcblde@oksbi/P2M/53ftqta5@oksbi/Chala
19/10/2024,,77.67,DR,132.05,UPI/j69fittrvv6t@axl/P2M/yf51di6p@paytm/Chala
19/10/2024,103068,662.05,CR,794.1,UPI/mplcowsrcbw4@axl
19/10/2024,,492.4,DR,301.7,UPI/x9v4ib1l0h80@okaxis/P2M/764uqyie@ptbsi/Edara
19/10/2024,,32.21,DR,269.49,UPI/2u6adf2ge4pj@okaxis/P2M/72pz0kmz@ptbsi/Flipkart
19/10/2024,,264.12,DR,5.37,UPI/ozppiq3xq060@axl/P2M/m9gq2jrg@ptbsi/Flipkart
18/10/2024,,4367.55,CR,4372.92,UPI/sxub6j0aunjk@paytm
18/10/2024,,1436.01,DR,2936.91,UPI/36mcoxr6jh14@oksbi/P2M/98nh2ptj@paytm/AxisBank
18/10/2024,970538,762.58,DR,2174.33,UPI/smwhe8h6fxrh@paytm/P2M/7zqrjycw@ptbyl/BigBazaar
18/10/2024,303542,1113.59,DR,1060.74,UPI/grpvl21wsc3i@okaxis/P2M/e7dhil9b@paytm/Edara
18/10/2024,,2213.0,CR,3273.74,UPI/mi6b220vja5s@axl
18/10/2024,124194,1491.8,DR,1781.94,UPI/1whc6vor5ejl@paytm/P2M/t8z3inqd@paytm/VENNA
18/10/2024,,1058.39,DR,723.55,UPI/tgxjsptmnlt3@axl/P2M/6f62by9s@oksbi/AxisBank
18/10/2024,,382.28,DR,341.27,UPI/v1vmymytsihx@okhdfc/P2M/37nhi9vf@paytm/AxisBank
18/10/2024,,90.52,DR,250.75,UPI/1rvy7p6vr8hk@okaxis/P2M/mdvsrhw4@oksbi/VENNA
18/10/2024,646435,1018.4,CR,1269.15,UPI/5myrrh2kkyqf@ybl
18/10/2024,529502,1059.99,DR,209.16,UPI/q0go3i664phz@oksbi/P2M/djf0rq0v@paytm/Paytm
17/10/2024,,3781.74,CR,3990.9,UPI/dvleeme975sy@okaxis
17/10/2024,770157,4071.67,CR,8062.57,UPI/fpfl8nl4rtaa@axl
17/10/2024,532211,76.39,DR,7986.18,UPI/99vakauzqdxn@axl/P2M/vgpad9z7@paytm/Flipkart
17/10/2024,,131.59,DR,7854.59,UPI/046gr25i3bx2@ybl/P2M/979x2y5b@paytm/Chala
17/10/2024,,166.76,DR,7687.83,UPI/hngm25vr9u5v@okaxis/P2M/jj2n8gzq@ptbsi/Flipkart
17/10/2024,612452,3047.62,CR,10735.45,UPI/2ygd0u4vc42o@axl
17/10/2024,,1199.02,DR,9536.43,UPI/4ldnwl5dmxm1@paytm/P2M/km1a80vc@oksbi/Amazon
17/10/2024,,92.42,DR,9444.01,UPI/xok9a4p703m7@paytm/P2M/4df151rl@paytm/Chala
17/10/2024,,1209.88,DR,8234.13,UPI/q7ttgqupxzrc@okhdfc/P2M/ajwm8kne@ptbyl/Chala
17/10/2024,,1229.8,DR,7004.33,UPI/r9t26y5zcwdo@oksbi/P2M/7apo8jxm@ptbsi/Edara
17/10/2024,136862,1054.82,DR,5949.51,UPI/r46jzbd7xwp3@oksbi/P2M/k9e9paxi@oksbi/Airtel
17/10/2024,697950,1114.05,DR,4835.46,UPI/8bne5vejthny@oksbi/P2M/hw25fmu7@oksbi/VENNA
17/10/2024,543230,624.04,DR,4211.42,UPI/dw8prec798zb@paytm/P2M/1oia4c4y@ptbyl/Paytm
16/10/2024,169430,637.87,DR,3573.55,UPI/xrpr5xwyn36a@axl/P2M/4t2r8ht4@ptbyl/VENNA
16/10/2024,,469.57,CR,4043.12,UPI/fo5xm1aqax87@ybl
16/10/2024,,1754.98,CR,5798.1,UPI/01phq5koxky0@okaxis
16/10/2024,,1227.84,DR,4570.26,UPI/envnfepgbghd@ybl/P2M/2abvfp16@paytm/Edara
16/10/2024,498572,2576.3,CR,7146.56,UPI/lskl4lsq81e6@ybl
16/10/2024,,318.8,DR,6827.76,UPI/s2v0jxipw5ew@oksbi/P2M/6w1tng7b@ptbyl/Airtel
16/10/2024,,1485.14,DR,5342.62,UPI/p7v4s92tdjk6@ybl/P2M/9e9gjw1v@ptbyl/Airtel
16/10/2024,125947,1146.21,DR,4196.41,UPI/8flov89vjxsb@axl/P2M/3t30362u@paytm/Edara
16/10/2024,,1083.17,DR,3113.24,UPI/a1ku4ucz1l93@oksbi/P2M/47x2fr1p@oksbi/AxisBank
16/10/2024,,1109.26,DR,2003.98,UPI/glcfurojsdf7@ybl/P2M/rm4lw3t8@oksbi/Paytm
16/10/2024,,120.95,DR,1883.03,UPI/7o324bm5sxtz@paytm/P2M/y7xzxds0@oksbi/Flipkart
16/10/2024,873376,1119.37,DR,763.66,UPI/eqyfuio5pcj2@paytm/P2M/07197qjk@oksbi/BigBazaar
16/10/2024,,367.92,DR,395.74,UPI/2x18no5zo179@okhdfc/P2M/xzui9j24@paytm/Airtel
15/10/2024,,2213.7,CR,2609.44,UPI/6x8l3a71dw2y@okaxis
15/10/2024,,1163.89,DR,1445.55,UPI/q19ysmw4emfi@okhdfc/P2M/6bxf28nf@ptbsi/Paytm
15/10/2024,,884.17,DR,561.38,UPI/ke8ggbmjytym@paytm/P2M/7q0o5gmg@ptbyl/VENNA
15/10/2024,324650,123.7,DR,437.68,UPI/t8q79i5znffs@okaxis/P2M/41igex43@paytm/Amazon
15/10/2024,,4678.96,CR,5116.64,UPI/g10loi19ulvx@oksbi
15/10/2024,,767.41,DR,4349.23,UPI/m9zzia3s0c9t@okhdfc/P2M/k8aa8tts@paytm/Airtel
15/10/2024,178649,702.98,DR,3646.25,UPI/odiav4601326@okaxis/P2M/7uv5rgz5@oksbi/BigBazaar
15/10/2024,,470.45,DR,3175.8,UPI/t0bert5i1xxp@okaxis/P2M/upwd23yh@ptbyl/Chala
14/10/2024,,343.63,DR,2832.17,UPI/8uvuzwyc1rsz@ybl/P2M/adbyjqf9@oksbi/Edara
14/10/2024,,1357.87,CR,4190.04,UPI/lvd4t3lhdxyh@okhdfc
14/10/2024,,1251.09,DR,2938.95,UPI/k2g7x36u7q0s@ybl/P2M/eohoev99@paytm/Edara
14/10/2024,846562,391.36,DR,2547.59,UPI/1n0nwdhtnpyv@okaxis/P2M/vgnnfglk@paytm/Paytm
14/10/2024,,1650.1,CR,4197.69,UPI/x14yghjkkbbh@okaxis
14/10/2024,,4774.59,CR,8972.28,UPI/bdhn789o2x3a@axl
14/10/2024,,686.24,DR,8286.04,UPI/ro9pi7mwvvee@oksbi/P2M/77sqkgzi@ptbsi/VENNA
14/10/2024,355474,184.86,DR,8101.18,UPI/lpx2lakdm3lj@axl/P2M/w50zsz8q@ptbsi/AxisBank
14/10/2024,,1082.03,DR,7019.15,UPI/jum9lmrll0hy@oksbi/P2M/faclgyfy@oksbi/Amazon
14/10/2024,106356,54.36,DR,6964.79,UPI/yztut14nrkuf@paytm/P2M/mi7kjhr2@ptbsi/Chala
14/10/2024,632599,892.85,DR,6071.94,UPI/dadkm29omgaj@okaxis/P2M/xvv16l3i@oksbi/Edara
14/10/2024,,567.49,DR,5504.45,UPI/bvx59fe7yzdo@axl/P2M/jxgc0f78@paytm/Flipkart
14/10/2024,524630,851.92,DR,4652.53,UPI/xqvjjnrnhx6s@paytm/P2M/nfj4vrfv@ptbsi/Airtel
14/10/2024,649737,349.93,DR,4302.6,UPI/j1ntd0nkf1j9@ybl/P2M/2xrxnjoj@ptbyl/Amazon
13/10/2024,,1122.08,DR,3180.52,UPI/hn0bdftrjugn@ybl/P2M/rxfysqfv@paytm/Amazon
13/10/2024,,1271.33,DR,1909.19,UPI/lneevxzo8um1@axl/P2M/sh30hzph@paytm/Edara
13/10/2024,,3556.84,CR,5466.03,UPI/a554up9loa1e@oksbi
13/10/2024,,1497.15,DR,3968.88,UPI/lloxkr0th7s0@okaxis/P2M/8v2xh7i6@ptbsi/Amazon
13/10/2024,,958.5,DR,3010.38,UPI/2131rr4roaxx@okaxis/P2M/9bojw1cz@paytm/Paytm
13/10/2024,633920,1488.64,DR,1521.74,UPI/4f3z2cdu1m60@ybl/P2M/a6y8ac0x@ptbsi/Chala
13/10/2024,,919.16,DR,602.58,UPI/sbb7pv39ffl5@okaxis/P2M/8x6mlcq4@ptbsi/Edara
13/10/2024,,302.98,DR,299.6,UPI/bhdu2liy27zs@paytm/P2M/wwyx40bz@ptbyl/Paytm
12/10/2024,,3556.58,CR,3856.18,UPI/d830yvi9gueo@paytm
12/10/2024,,796.55,DR,3059.63,UPI/b2faaah79wpk@oksbi/P2M/n1cv2br9@ptbsi/Chala
12/10/2024,311852,3692.6,CR,6752.23,UPI/e2g9bell9kb4@paytm
12/10/2024,846489,1446.38,DR,5305.85,UPI/75q40v4elubq@okaxis/P2M/07tm5rc8@ptbyl/Paytm
12/10/2024,,3734.66,CR,9040.51,UPI/3tsb4y0zoa1e@okhdfc
12/10/2024,,529.7,DR,8510.81,UPI/m8kbwoxuon16@oksbi/P2M/l485z8dv@ptbsi/Paytm
12/10/2024,943055,242.87,DR,8267.94,UPI/7s5c5r48tbsx@okhdfc/P2M/o2rn9y62@oksbi/VENNA
12/10/2024,,1370.81,DR,6897.13,UPI/m44u7sq03q13@ybl/P2M/j4tuehth@ptbsi/BigBazaar
12/10/2024,,1327.52,DR,5569.61,UPI/t84lkfo58xaj@ybl/P2M/cspwiyfs@paytm/Chala
12/10/2024,,492.57,DR,5077.04,UPI/k8fz86lbonlr@okhdfc/P2M/qwrwmept@paytm/Flipkart
12/10/2024,,4420.24,CR,9497.28,UPI/fjhtoce3ag5d@axl
11/10/2024,999544,246.09,DR,9251.19,UPI/01h2kxpcj48t@ybl/P2M/vsnz4dj9@paytm/Edara
11/10/2024,793598,4672.36,CR,13923.55,UPI/2cjzkbtfa99d@okhdfc
11/10/2024,,1294.48,DR,12629.07,UPI/2uecvbdnesr2@axl/P2M/np7gq37p@oksbi/BigBazaar
11/10/2024,,1375.93,DR,11253.14,UPI/xe0d13fjzyc1@paytm/P2M/jlbw36bh@oksbi/BigBazaar
11/10/2024,,24.09,DR,11229.05,UPI/71795bo9whac@okaxis/P2M/zy7x5tza@ptbsi/BigBazaar
11/10/2024,,1479.11,DR,9749.94,UPI/41d0ahjqtnkp@okaxis/P2M/folbt51g@oksbi/BigBazaar
11/10/2024,,3611.44,CR,13361.38,UPI/tdm0yb1dkd0r@okhdfc
11/10/2024,,755.51,DR,12605.87,UPI/uf9jdmgc0e6b@oksbi/P2M/vjfzoqxf@ptbyl/AxisBank
11/10/2024,,381.71,DR,12224.16,UPI/ywumntk7xxzt@paytm/P2M/tdl9i495@oksbi/Paytm
11/10/2024,,1468.83,DR,10755.33,UPI/k9sv2dwtgfox@oksbi/P2M/xhdxthyr@oksbi/Flipkart
11/10/2024,112289,1257.27,DR,9498.06,UPI/yvnj2egedxlj@axl/P2M/1taybgk7@ptbyl/Flipkart
11/10/2024,,1488.02,DR,8010.04,UPI/js4142c1e84o@okaxis/P2M/dibdimay@oksbi/Flipkart
11/10/2024,,1217.87,DR,6792.17,UPI/srotn4lkbx4x@oksbi/P2M/p0fpng0i@paytm/Airtel
11/10/2024,340728,1483.62,DR,5308.55,UPI/7m49ft94ergf@okaxis/P2M/qk0n4qjk@ptbsi/BigBazaar
10/10/2024,,363.7,DR,4944.85,UPI/qpcdgb1lctr0@oksbi/P2M/kmm77eia@ptbsi/Paytm
10/10/2024,288174,93.71,DR,4851.14,UPI/d6cbuipxxn9q@okaxis/P2M/g2ji5hdd@paytm/Flipkart
10/10/2024,,412.24,DR,4438.9,UPI/v5r3v574vgmb@paytm/P2M/ifa7u6dc@paytm/Chala
10/10/2024,981523,741.81,DR,3697.09,UPI/cael4qed7i3k@okaxis/P2M/zj5l81v4@ptbyl/Airtel
10/10/2024,691789,818.41,DR,2878.68,UPI/q9h4jymnzx1d@paytm/P2M/zbkx2pwr@oksbi/Edara
10/10/2024,,46.36,DR,2832.32,UPI/y6a8tx32cwx6@paytm/P2M/k6tqo2tx@paytm/Airtel
10/10/2024,571874,336.31,DR,2496.01,UPI/hyocwrjo54a2@oksbi/P2M/7nk1l8ms@ptbyl/Paytm
10/10/2024,810997,394.34,DR,2101.67,UPI/1quzgpwny1h4@axl/P2M/f3ld1huq@ptbyl/Flipkart
10/10/2024,,422.69,DR,1678.98,UPI/eou29tdhgs6p@ybl/P2M/ctqx5u07@paytm/Airtel
10/10/2024,,120.34,DR,1558.64,UPI/tbf9ivltamt2@ybl/P2M/j4hra26i@ptbyl/VENNA
10/10/2024,570059,71.42,DR,1487.22,UPI/ggfn6tugvmsj@paytm/P2M/9864h535@oksbi/Flipkart
10/10/2024,297617,663.91,DR,823.31,UPI/fjfpjd71vn4z@okaxis/P2M/z3a3u7iv@ptbyl/AxisBank
10/10/2024,,764.84,DR,58.47,UPI/83owyw06fqqf@ybl/P2M/y85czcs6@oksbi/AxisBank
09/10/2024,,3553.71,CR,3612.18,UPI/e6os8y3wurng@oksbi
09/10/2024,544776,278.95,DR,3333.23,UPI/1wqewz9qd1zi@oksbi/P2M/loc6l6uq@paytm/Edara
09/10/2024,254166,1260.93,DR,2072.3,UPI/0re1j3m60ov5@oksbi/P2M/6r3vir94@oksbi/AxisBank
09/10/2024,,736.87,DR,1335.43,UPI/dwgy8rkg57vi@paytm/P2M/tn879ak1@ptbyl/Airtel
09/10/2024,,667.1,DR,668.33,UPI/ozna9nbyw4s9@axl/P2M/x08j47sg@paytm/Chala
09/10/2024,384936,97.85,DR,570.48,UPI/erdu626wjuxw@ybl/P2M/rhv097p8@oksbi/BigBazaar
09/10/2024,,416.95,DR,153.53,UPI/hqijq82djk0x@axl/P2M/rh4b61c4@oksbi/Flipkart
09/10/2024,101577,1530.52,CR,1684.05,UPI/kf3dobrropbw@paytm
09/10/2024,,1246.45,DR,437.6,UPI/9jfh1pnn3phh@axl/P2M/388moxou@ptbsi/Airtel
09/10/2024,,2130.57,CR,2568.17,UPI/pjwqsca6t77n@oksbi
09/10/2024,928065,1274.11,DR,1294.06,UPI/mb5u2q9czfwp@okaxis/P2M/8rdeq90s@paytm/BigBazaar
08/10/2024,670238,100.88,DR,1193.18,UPI/ulo4lscxo2x8@ybl/P2M/7iqfxphy@oksbi/BigBazaar
08/10/2024,139909,359.56,DR,833.62,UPI/hspz3lcre9wu@axl/P2M/dh7ysdga@oksbi/Amazon
08/10/2024,,413.77,DR,419.85,UPI/ei8j8v1qfl9a@okhdfc/P2M/ki0kelv6@ptbyl/Airtel
08/10/2024,932166,383.86,DR,35.99,UPI/90cl2sp515pq@okaxis/P2M/5r7zno4i@ptbsi/Paytm
08/10/2024,,2491.25,CR,2527.24,UPI/bh0h2v9cslro@axl
08/10/2024,857453,775.75,DR,1751.49,UPI/ele7n6c9b3j2@axl/P2M/rzntxu13@ptbsi/Amazon
08/10/2024,510833,3925.8,CR,5677.29,UPI/np1wj3a7idbx@ybl
08/10/2024,,1247.86,DR,4429.43,UPI/nqb3zyzxooy5@oksbi/P2M/sn8rzbm4@ptbyl/Chala
08/10/2024,,231.18,CR,4660.61,UPI/ptwfxiul9dt8@paytm
07/10/2024,664657,256.58,DR,4404.03,UPI/johfo6qh7kky@ybl/P2M/t2g2vis7@paytm/Amazon
07/10/2024,,1484.86,DR,2919.17,UPI/1idtdkv309bu@okaxis/P2M/ifo2nrzy@ptbyl/Amazon
07/10/2024,539213,519.41,DR,2399.76,UPI/ik4pwbwm3abu@axl/P2M/25ntdcu5@ptbyl/VENNA
07/10/2024,,82.24,DR,2317.52,UPI/miokryfc2i2v@axl/P2M/2zmgqvdi@oksbi/AxisBank
07/10/2024,175614,1474.98,CR,3792.5,UPI/fvlpkx08l9ll@okaxis
07/10/2024,579909,174.55,DR,3617.95,UPI/qtwljxtusdqx@okhdfc/P2M/om3ybygf@ptbsi/Edara
07/10/2024,242293,129.11,CR,3747.06,UPI/l71uc6v2x2fd@axl
07/10/2024,,136.47,DR,3610.59,UPI/8bpkymljibs2@okhdfc/P2M/nalacb2d@paytm/Paytm
07/10/2024,,852.01,DR,2758.58,UPI/90bbyok3slcr@axl/P2M/wr11bxrc@oksbi/Flipkart
07/10/2024,,190.45,DR,2568.13,UPI/hrrf0va5nvbm@oksbi/P2M/l98v1066@ptbyl/BigBazaar
07/10/2024,888119,2159.2,CR,4727.33,UPI/ziuxi1b22exl@ybl
07/10/2024,212114,165.93,DR,4561.4,UPI/t4j2k6yl31ke@ybl/P2M/kfkjkv5j@oksbi/BigBazaar
07/10/2024,,456.15,DR,4105.25,UPI/lpalbv4wqg5v@axl/P2M/ie5yize5@oksbi/AxisBank
07/10/2024,,1034.37,DR,3070.88,UPI/kocxzrv4bl54@okaxis/P2M/xliierlr@oksbi/Amazon
06/10/2024,,1149.77,DR,1921.11,UPI/k9f0ph9jb6k2@oksbi/P2M/26twcmge@ptbyl/BigBazaar
06/10/2024,,1455.21,DR,465.9,UPI/bslojqsd4twe@okaxis/P2M/d476nqkc@paytm/AxisBank
06/10/2024,,22.99,DR,442.91,UPI/d4b7j6rrnac2@ybl/P2M/m8zmvpsu@oksbi/Edara
06/10/2024,,2783.3,CR,3226.21,UPI/9n5lu5fdfiun@oksbi
06/10/2024,924929,747.36,DR,2478.85,UPI/xxw713kye0p7@ybl/P2M/xjjqieea@paytm/Airtel
06/10/2024,,1995.95,CR,4474.8,UPI/us0q4f9wqgxr@paytm
06/10/2024,,822.24,DR,3652.56,UPI/a7p9xh8o7s8s@ybl/P2M/d68yr0ih@ptbsi/Airtel
06/10/2024,,359.41,DR,3293.15,UPI/h8nz9vs9hncj@oksbi/P2M/a8sx54lc@ptbyl/Paytm
06/10/2024,330065,197.24,DR,3095.91,UPI/8p7avkfu33qn@ybl/P2M/12cn521d@oksbi/AxisBank
06/10/2024,448718,4554.64,CR,7650.55,UPI/ct6lsxz869ps@okhdfc
06/10/2024,954779,350.17,CR,8000.72,UPI/llrn8fj6j5po@okhdfc
06/10/2024,,2182.55,CR,10183.27,UPI/hanth4ho3iyd@axl
06/10/2024,,224.6,DR,9958.67,UPI/2iky9po3dh6c@oksbi/P2M/n84bjwnm@ptbsi/BigBazaar
05/10/2024,,1242.76,DR,8715.91,UPI/ysyk75d874ts@oksbi/P2M/ejgcyox5@ptbsi/Paytm
05/10/2024,497554,3380.76,CR,12096.67,UPI/gvz36lr6pbmm@oksbi
05/10/2024,252780,3417.51,CR,15514.18,UPI/lndyk05njom6@axl
05/10/2024,,321.11,DR,15193.07,UPI/gmbgi3g6g1yg@axl/P2M/4vh9iy75@ptbyl/Paytm
05/10/2024,,319.86,DR,14873.21,UPI/ih8oknsas1d4@okaxis/P2M/iv99if0i@ptbsi/Edara
05/10/2024,219442,202.96,DR,14670.25,UPI/uk38ogbp2ygl@oksbi/P2M/f6ztder3@oksbi/Paytm
05/10/2024,589926,894.69,DR,13775.56,UPI/ggl1e4ejvywr@ybl/P2M/bosu9yne@ptbyl/Amazon
05/10/2024,146102,213.45,DR,13562.11,UPI/50fngfietw4y@okaxis/P2M/gy0rjrhf@ptbyl/AxisBank
05/10/2024,,1028.28,DR,12533.83,UPI/riyya5ra3f03@oksbi/P2M/rsnqqrcd@oksbi/Chala
05/10/2024,,1269.24,DR,11264.59,UPI/ravf4w38e9tt@okaxis/P2M/kbv5ugj3@ptbsi/Edara
05/10/2024,828409,1318.41,DR,9946.18,UPI/t61e92ehmjy4@paytm/P2M/an28b5y3@oksbi/VENNA
05/10/2024,508982,54.15,DR,9892.03,UPI/bdq50pvekdr5@okaxis/P2M/ob7acfnt@paytm/BigBazaar
05/10/2024,,1108.59,CR,11000.62,UPI/n2slempyrkls@oksbi
05/10/2024,,1593.41,CR,12594.03,UPI/u0b01vb3ki1u@okhdfc
04/10/2024,959200,363.72,DR,12230.31,UPI/ovavwpc599ax@axl/P2M/p7bukhck@ptbyl/Airtel
04/10/2024,481301,261.67,DR,11968.64,UPI/s7m9c27zync9@okaxis/P2M/x2gzfjk9@oksbi/Edara
04/10/2024,,877.13,CR,12845.77,UPI/0hb8twbzsvq2@okaxis
04/10/2024,,631.57,DR,12214.2,UPI/iivutz9yba99@paytm/P2M/luu3tu30@paytm/Airtel
04/10/2024,,397.33,DR,11816.87,UPI/k9q7vglpg9qn@axl/P2M/wpqutlrx@ptbsi/Edara
04/10/2024,346652,746.3,DR,11070.57,UPI/ovfb0y7igp6e@okhdfc/P2M/318us3h2@paytm/Paytm
04/10/2024,,663.41,DR,10407.16,UPI/x9gx6693u6ud@ybl/P2M/536abvxd@ptbsi/Edara
04/10/2024,,781.63,DR,9625.53,UPI/nj2wh82vblle@ybl/P2M/vstxz9n4@ptbyl/VENNA
04/10/2024,219656,374.78,DR,9250.75,UPI/hvlys11dgwhi@oksbi/P2M/itsbwbs5@paytm/Paytm
04/10/2024,,1022.82,DR,8227.93,UPI/jqr3yyaako9d@paytm/P2M/zl4hrzgv@paytm/Airtel
04/10/2024,,919.22,DR,7308.71,UPI/sa9o58pcx3ti@okhdfc/P2M/z5bu6ndd@ptbsi/VENNA
04/10/2024,,1335.16,DR,5973.55,UPI/aidc1pf9jgxd@ybl/P2M/4bnpbuvg@ptbsi/Amazon
04/10/2024,,68.89,DR,5904.66,UPI/muvhm9zpsav2@okhdfc/P2M/8egc5nrw@paytm/Amazon
04/10/2024,,509.16,DR,5395.5,UPI/x71z8stkk3e0@axl/P2M/jmaq9u5d@ptbyl/Edara
03/10/2024,102310,678.91,DR,4716.59,UPI/w3e7hek5qymg@okaxis/P2M/hfc36707@paytm/Chala
03/10/2024,442528,1161.78,DR,3554.81,UPI/il7tkgewznqm@paytm/P2M/li3gjpvb@ptbsi/Chala
03/10/2024,676203,1346.79,DR,2208.02,UPI/k03odwibp2g6@axl/P2M/vlq1ted2@paytm/VENNA
03/10/2024,,255.42,DR,1952.6,UPI/q2crxe3kfhiy@axl/P2M/uo5caaix@oksbi/Edara
03/10/2024,,912.87,DR,1039.73,UPI/pefos9rnnk5n@okaxis/P2M/qrcjz8u6@oksbi/Chala
03/10/2024,100106,180.85,DR,858.88,UPI/d281ipt5ceyo@paytm/P2M/4sy6bi79@oksbi/Edara
03/10/2024,572358,759.63,DR,99.25,UPI/ec381jsxyc20@paytm/P2M/0jesutqy@paytm/Chala
03/10/2024,,672.78,CR,772.03,UPI/0d1xl0r8eghl@okaxis
03/10/2024,,624.47,DR,147.56,UPI/q8bnid63w6wn@oksbi/P2M/y380oe18@ptbyl/BigBazaar
02/10/2024,309959,73.7,DR,73.86,UPI/j0dvvjdxp69m@axl/P2M/6pkmugta@ptbyl/VENNA
02/10/2024,247474,63.68,DR,10.18,UPI/pub0to3r1lw0@okaxis/P2M/p1xjk57s@ptbyl/Flipkart
30/09/2024,314501,908.78,CR,918.96,UPI/wdlldkqdc75j@ybl
30/09/2024,,147.96,DR,771.0,UPI/2v73l10zb4am@paytm/P2M/62ici1mq@ptbyl/AxisBank
30/09/2024,,31.85,DR,739.15,UPI/yud49bqxhrrk@okhdfc/P2M/llef4s8g@paytm/Paytm
30/09/2024,941994,456.18,DR,282.97,UPI/duk0n9kgrq4l@okhdfc/P2M/uszxdl18@ptbsi/Airtel
30/09/2024,964548,66.29,DR,216.68,UPI/ch71qcdg3km4@oksbi/P2M/byarhg4s@ptbyl/Paytm
29/09/2024,,62.3,DR,154.38,UPI/dbahlnivxygp@okaxis/P2M/nyuuoxvm@ptbyl/Edara
29/09/2024,145431,4934.18,CR,5088.56,UPI/mgh0ikylonwq@paytm
29/09/2024,,153.95,DR,4934.61,UPI/8t1vmkg5woqv@oksbi/P2M/np4770ms@ptbyl/AxisBank
29/09/2024,124126,504.25,DR,4430.36,UPI/9al2im299ki8@paytm/P2M/hpy3pwd4@ptbsi/Amazon
29/09/2024,,620.85,DR,3809.51,UPI/nmq9niegs6ap@oksbi/P2M/0nwhffm4@oksbi/Flipkart
29/09/2024,,835.04,DR,2974.47,UPI/7r84hh3ttn7z@axl/P2M/kfrey7od@ptbyl/Flipkart
29/09/2024,,67.46,DR,2907.01,UPI/9dsilb49ueep@okhdfc/P2M/os17aybj@ptbsi/Flipkart
29/09/2024,766715,885.36,DR,2021.65,UPI/ahyl2y6oxxom@axl/P2M/1hlwpeje@ptbyl/Paytm
29/09/2024,,139.55,DR,1882.1,UPI/am7q9w8x5poy@okaxis/P2M/2f0cnntb@ptbyl/AxisBank
29/09/2024,,553.5,DR,1328.6,UPI/o9p2xcyod896@paytm/P2M/tbncxbi4@oksbi/Flipkart
28/09/2024,314927,13.09,DR,1315.51,UPI/iaxarb0fsru3@paytm/P2M/qtosnjld@ptbyl/Chala
28/09/2024,745298,951.58,DR,363.93,UPI/hxe49o15fn0r@okhdfc/P2M/015qmxgu@ptbyl/Amazon
28/09/2024,622446,154.63,DR,209.3,UPI/3etqcnyn66ju@ybl/P2M/kkkvx05t@oksbi/AxisBank
28/09/2024,387826,685.27,CR,894.57,UPI/jldj6mtlq68v@oksbi
28/09/2024,,182.89,DR,711.68,UPI/t02icuicucb8@oksbi/P2M/cigl5qk1@ptbsi/Edara
28/09/2024,178546,4371.15,CR,5082.83,UPI/a502czg1gp4j@axl
28/09/2024,,228.56,DR,4854.27,UPI/wm4pg8gsqefk@axl/P2M/bv8m8ehh@ptbyl/Airtel
28/09/2024,,888.73,DR,3965.54,UPI/kuvligvk801b@ybl/P2M/f0s96uy2@oksbi/Airtel
27/09/2024,492228,1441.1,DR,2524.44,UPI/zd3wswpk2teg@axl/P2M/786meyvp@ptbsi/Flipkart
27/09/2024,,1009.65,DR,1514.79,UPI/a13stbjeipts@oksbi/P2M/k6dynw1u@paytm/VENNA
27/09/2024,,202.16,DR,1312.63,UPI/q0u1tt27gh7t@axl/P2M/p11j81fs@ptbsi/Amazon
27/09/2024,492047,1077.07,DR,235.56,UPI/99z37nzhxna8@okhdfc/P2M/1516mc1k@paytm/Flipkart
27/09/2024,706845,193.63,DR,41.93,UPI/2qp9zhynwgv0@okaxis/P2M/4xghe05k@oksbi/Chala
27/09/2024,,2604.78,CR,2646.71,UPI/d3x2y02pikh9@okhdfc
26/09/2024,,4453.3,CR,7100.01,UPI/9ci75it2yfnt@okaxis
26/09/2024,712111,1352.91,DR,5747.1,UPI/ujdihaljfuek@okhdfc/P2M/u36mn8d8@ptbyl/Paytm
26/09/2024,,306.41,DR,5440.69,UPI/ht5ivv53ezzg@okaxis/P2M/at1ljse7@paytm/VENNA
26/09/2024,,418.24,DR,5022.45,UPI/3ejama2622tk@oksbi/P2M/isvf0k7m@oksbi/Amazon
26/09/2024,802779,367.15,DR,4655.3,UPI/bgg3thv32uf2@okaxis/P2M/4lxyoun1@oksbi/BigBazaar
26/09/2024,,225.17,DR,4430.13,UPI/r7gp7cgstixm@paytm/P2M/rxlvooq6@ptbyl/Paytm
26/09/2024,,1386.08,DR,3044.05,UPI/fjob469l8jbm@paytm/P2M/cxoxc956@oksbi/BigBazaar
26/09/2024,626970,1003.71,CR,4047.76,UPI/gy90iexa8pal@axl
26/09/2024,471146,619.12,DR,3428.64,UPI/gpd78fm8jr05@oksbi/P2M/ohd0lffa@ptbsi/Edara
26/09/2024,438137,932.45,DR,2496.19,UPI/wsuvmj66c5vc@okhdfc/P2M/v70b9vq4@paytm/BigBazaar
26/09/2024,525519,550.78,DR,1945.41,UPI/791zyvfbybd5@okhdfc/P2M/h3sfbvhb@ptbsi/Paytm
26/09/2024,505482,1434.03,DR,511.38,UPI/bifh3r0fbruf@paytm/P2M/ldmj8cup@paytm/AxisBank
26/09/2024,,336.31,DR,175.07,UPI/xu9fz8b25c92@ybl/P2M/wwzi534j@ptbsi/AxisBank
25/09/2024,,136.71,DR,38.36,UPI/sj8r9656g36u@paytm/P2M/puczvimf@ptbsi/AxisBank
25/09/2024,,4447.3,CR,4485.66,UPI/qn8lt5hotzzz@axl
24/09/2024,700341,1243.38,DR,3242.28,UPI/za15cr9wp26a@oksbi/P2M/1s5umsgt@ptbsi/BigBazaar
24/09/2024,820660,1461.17,DR,1781.11,UPI/91gdmonvao9w@okhdfc/P2M/68jpeydo@oksbi/Chala
24/09/2024,696176,646.82,DR,1134.29,UPI/ap9nqaids8k8@ybl/P2M/5qy19qx1@ptbyl/Amazon
24/09/2024,,38.4,DR,1095.89,UPI/k8nybo4439de@okaxis/P2M/fniytppg@ptbyl/AxisBank
24/09/2024,,669.33,DR,426.56,UPI/1qf7uef1q89i@oksbi/P2M/2gnlzizo@ptbsi/Edara
24/09/2024,,2151.5,CR,2578.06,UPI/b3aaskjts0uk@axl
24/09/2024,665382,380.37,DR,2197.69,UPI/3s0a39be6gxc@paytm/P2M/xqnd4pvv@ptbyl/Amazon
24/09/2024,,783.74,DR,1413.95,UPI/rgthgjnms60h@oksbi/P2M/6lkkunye@oksbi/Chala
24/09/2024,,4984.3,CR,6398.25,UPI/o4yffciop2qd@axl
24/09/2024,237484,2123.48,CR,8521.73,UPI/b2ghv9jnuppy@okaxis
24/09/2024,,4399.98,CR,12921.71,UPI/335ur81le7ga@paytm
23/09/2024,,646.87,DR,12274.84,UPI/3adgqalxwulb@paytm/P2M/jkgqkcoj@ptbyl/VENNA
23/09/2024,,887.24,DR,11387.6,UPI/jrv8vc79e7db@okhdfc/P2M/enp8i54c@ptbsi/Flipkart
23/09/2024,262744,568.65,DR,10818.95,UPI/bcfnfzytnzde@axl/P2M/rkjpex4q@oksbi/VENNA
23/09/2024,703991,1008.31,DR,9810.64,UPI/ggnvzsdkh2wy@axl/P2M/pg0c7axm@ptbyl/BigBazaar
23/09/2024,,1426.42,DR,8384.22,UPI/1z4ms7t1b19i@okaxis/P2M/k761jelo@oksbi/Airtel
23/09/2024,449997,1170.64,DR,7213.58,UPI/wpzvp1p3buby@axl/P2M/ea72isxc@ptbsi/AxisBank
23/09/2024,989283,1202.42,DR,6011.16,UPI/qxusaygzrm29@axl/P2M/wk50g3th@ptbyl/Paytm
23/09/2024,280843,392.19,DR,5618.97,UPI/hqz4ewc2qodd@paytm/P2M/k4mex56b@ptbsi/Airtel
23/09/2024,,1291.34,DR,4327.63,UPI/urynhpgvkjoa@oksbi/P2M/zm37otql@oksbi/VENNA
23/09/2024,,204.6,DR,4123.03,UPI/il006ndtdrvv@oksbi/P2M/p12mcvjq@oksbi/Airtel
23/09/2024,,1135.37,DR,2987.66,UPI/qh6x36xtnfox@ybl/P2M/whzaapu9@ptbsi/VENNA
23/09/2024,,1222.87,DR,1764.79,UPI/ll89m6aeivfp@ybl/P2M/lh7zpwbs@paytm/BigBazaar
23/09/2024,,1211.27,DR,553.52,UPI/4fm4xeo2fo7k@oksbi/P2M/mm4fjtad@paytm/Airtel
22/09/2024,,181.76,DR,371.76,UPI/6mraxnojqngq@okhdfc/P2M/7j08wlqb@ptbyl/Flipkart
22/09/2024,587762,1956.39,CR,2328.15,UPI/ll6wcus18kjh@okhdfc
22/09/2024,,693.0,DR,1635.15,UPI/sltu3d49yurv@paytm/P2M/qzku6kun@ptbyl/Amazon
22/09/2024,,1139.29,DR,495.86,UPI/kn6xk3zk0zko@axl/P2M/fhtoe840@ptbyl/Edara
22/09/2024,,553.6,CR,1049.46,UPI/dutemulq34qa@ybl
22/09/2024,,940.06,DR,109.4,UPI/7ke9wd1qmck9@oksbi/P2M/uhf204vn@oksbi/VENNA
22/09/2024,761205,11.36,DR,98.04,UPI/f4px6swkma9q@paytm/P2M/vgj199lp@ptbyl/Flipkart
22/09/2024,261280,273.99,CR,372.03,UPI/jadhtelui2ws@paytm
21/09/2024,434250,170.83,DR,201.2,UPI/hxna9ml39lzo@paytm/P2M/2wy4sgp8@paytm/Amazon
21/09/2024,920398,2747.61,CR,2948.81,UPI/7lvk6c2pdu07@ybl
21/09/2024,307511,1402.72,DR,1546.09,UPI/375knbpwi5h0@ybl/P2M/yoksrbbi@paytm/Flipkart
21/09/2024,,1490.25,DR,55.84,UPI/lkcyyzlb8hrk@okaxis/P2M/oxk5vprx@ptbsi/BigBazaar
20/09/2024,,4858.4,CR,4914.24,UPI/djwlhcnziymn@okhdfc
20/09/2024,,452.12,DR,4462.12,UPI/hbcmuwpmqmdy@ybl/P2M/6qcpybj5@paytm/AxisBank
20/09/2024,,740.2,DR,3721.92,UPI/fzj537gbvqhf@oksbi/P2M/ms8c6x14@oksbi/Airtel
20/09/2024,663766,176.14,DR,3545.78,UPI/489l5zo7sbk3@oksbi/P2M/y024mbog@paytm/Edara
20/09/2024,,403.6,DR,3142.18,UPI/2dxpcwuo850g@paytm/P2M/n7mwwgf1@paytm/Paytm
20/09/2024,484590,19.04,DR,3123.14,UPI/0rrweg4v9rte@okaxis/P2M/dpij0sgl@oksbi/AxisBank
20/09/2024,,195.7,DR,2927.44,UPI/vl8oi6hl85ex@ybl/P2M/xv9ahk10@oksbi/Airtel
20/09/2024,182286,1384.96,DR,1542.48,UPI/m28bwlkstq1y@okhdfc/P2M/i9uf85no@oksbi/Airtel
20/09/2024,,4258.52,CR,5801.0,UPI/vzoexr7izkgk@paytm
20/09/2024,689135,1426.38,DR,4374.62,UPI/2buitxpgyqkl@ybl/P2M/uaryhhro@oksbi/Chala
20/09/2024,937903,381.48,DR,3993.14,UPI/zcknk6fwr7xo@ybl/P2M/qu1bb5x5@oksbi/Chala
20/09/2024,492612,743.26,DR,3249.88,UPI/glnhcphu3kq6@axl/P2M/yyzbzdgi@oksbi/Paytm
20/09/2024,185399,1083.99,DR,2165.89,UPI/7fkw0zb2rm9v@paytm/P2M/llywkfo0@paytm/BigBazaar
19/09/2024,,743.63,DR,1422.26,UPI/50uazp6arlhs@ybl/P2M/pq6rf1ld@ptbsi/VENNA
19/09/2024,,1179.13,DR,243.13,UPI/4ejav1w1jb43@okaxis/P2M/z0vhd9kb@paytm/BigBazaar
19/09/2024,871946,1414.98,CR,1658.11,UPI/cyakc7egkide@okhdfc
19/09/2024,,1228.49,DR,429.62,UPI/uj10t6d9wsg5@ybl/P2M/k6qp7ztu@ptbsi/Edara
19/09/2024,960184,322.85,DR,106.77,UPI/cs3i4sl2zsli@paytm/P2M/rh74wbkq@ptbyl/Flipkart
19/09/2024,328728,1437.34,CR,1544.11,UPI/sx8vxyocu5zb@okhdfc
18/09/2024,925286,1201.5,DR,342.61,UPI/h7yzmurzgfip@axl/P2M/wzpa2w11@ptbyl/AxisBank
18/09/2024,417509,4751.11,CR,5093.72,UPI/a54zrh54znqe@okhdfc
18/09/2024,,453.82,DR,4639.9,UPI/p7wbsvf7mt8r@okhdfc/P2M/9ow1ies7@oksbi/Airtel
18/09/2024,,1152.07,DR,3487.83,UPI/mj3gvihi0h1e@oksbi/P2M/mlmrh9au@ptbyl/Amazon
18/09/2024,555414,270.71,DR,3217.12,UPI/7695di76lia3@okaxis/P2M/dnqbyup2@ptbyl/Airtel
18/09/2024,287822,651.23,DR,2565.89,UPI/thrcm2xkubz8@axl/P2M/piprva57@ptbyl/Flipkart
18/09/2024,,375.49,DR,2190.4,UPI/8r59wcnbhpje@ybl/P2M/9v8g7h3m@oksbi/BigBazaar
18/09/2024,,546.16,DR,1644.24,UPI/jnhtpdwlwtvq@ybl/P2M/l374utcs@paytm/BigBazaar
18/09/2024,889041,414.9,DR,1229.34,UPI/dwn00q83ytev@paytm/P2M/2ex467nz@ptbyl/Amazon
18/09/2024,,987.06,DR,242.28,UPI/yfepr6bbz0hs@okhdfc/P2M/5uitdxdx@ptbyl/Chala
18/09/2024,,215.28,DR,27.0,UPI/xywop8tdszga@ybl/P2M/5z7b7gg3@ptbsi/Paytm
17/09/2024,240100,4171.1,CR,4198.1,UPI/e18f7qf00rfg@ybl
17/09/2024,,937.74,DR,3260.36,UPI/8lhwzcokawy9@oksbi/P2M/rlbdspjq@oksbi/VENNA
17/09/2024,887149,739.56,CR,3999.92,UPI/ta5jinlwczlp@oksbi
17/09/2024,144087,4580.28,CR,8580.2,UPI/ayhe0ok999sk@okhdfc
17/09/2024,,3997.27,CR,12577.47,UPI/wylc3k32uk1x@okaxis
17/09/2024,127683,638.65,DR,11938.82,UPI/m0ac2dd5gnpe@okhdfc/P2M/uo5grdo8@paytm/Edara
17/09/2024,835644,78.37,DR,11860.45,UPI/mbmuv4138wiu@okaxis/P2M/tdui7azq@ptbyl/BigBazaar
17/09/2024,207226,697.61,DR,11162.84,UPI/qv161bd6nyqt@oksbi/P2M/wa1ohfni@ptbsi/Amazon
17/09/2024,,1146.46,DR,10016.38,UPI/hwlz43amazpx@paytm/P2M/8kpa840o@oksbi/Flipkart
17/09/2024,,241.5,DR,9774.88,UPI/9j6v8w2eu51r@ybl/P2M/4ptavt48@paytm/Chala
17/09/2024,986902,1340.19,DR,8434.69,UPI/677yh7af2h0s@ybl/P2M/e3sk867k@paytm/AxisBank
17/09/2024,,1961.8,CR,10396.49,UPI/0ft1e2x8mlxj@okhdfc
16/09/2024,,4451.45,CR,14847.94,UPI/bcr5de4ikg3o@okhdfc
16/09/2024,,994.92,DR,13853.02,UPI/djbv6wdfuvin@paytm/P2M/hjzydfrb@oksbi/Flipkart
16/09/2024,,3882.97,CR,17735.99,UPI/xxjuocxmmju8@oksbi
16/09/2024,354391,111.59,DR,17624.4,UPI/4uo7lv610n2e@axl/P2M/j2sguvxf@paytm/BigBazaar
16/09/2024,,4757.73,CR,22382.13,UPI/2dd4enpn3ej1@axl
16/09/2024,611521,551.64,DR,21830.49,UPI/k3dxpu3ormif@okaxis/P2M/evic1lni@paytm/Edara
16/09/2024,527215,1331.29,DR,20499.2,UPI/07o11qnco1eq@oksbi/P2M/m3y86bub@ptbyl/Airtel
16/09/2024,,1199.75,DR,19299.45,UPI/jxvqxke99sux@ybl/P2M/8rr0bcbk@ptbyl/Airtel
16/09/2024,708433,611.51,DR,18687.94,UPI/h0aby1bc6zut@axl/P2M/zmxykcj2@ptbyl/BigBazaar
16/09/2024,,2649.18,CR,21337.12,UPI/bpwr5j3fn6a1@okhdfc
16/09/2024,451455,1333.17,DR,20003.95,UPI/kk7x5oyvnip3@ybl/P2M/28iivl2y@ptbyl/Chala
16/09/2024,480122,440.62,DR,19563.33,UPI/5ni059hyyjde@okaxis/P2M/1ijygtlp@paytm/AxisBank
16/09/2024,,1044.75,DR,18518.58,UPI/vgbm16ywbf03@paytm/P2M/r4johbco@oksbi/Airtel
16/09/2024,312722,872.54,DR,17646.04,UPI/4j4g0jozao0d@okaxis/P2M/yasc0bdg@ptbyl/Paytm
15/09/2024,,653.61,DR,16992.43,UPI/wbkfmeie3vyi@paytm/P2M/dojwacsf@ptbsi/Airtel
15/09/2024,686528,1309.58,DR,15682.85,UPI/mpo4rpjso0t0@okaxis/P2M/q4gtji12@ptbsi/VENNA
15/09/2024,,418.7,DR,15264.15,UPI/uvk57dhkoad8@axl/P2M/l0lj9ixe@paytm/Chala
15/09/2024,,2886.47,CR,18150.62,UPI/afeg8xv5s04s@axl
15/09/2024,563370,42.38,DR,18108.24,UPI/2ikh0453wys0@axl/P2M/9ubdtlhj@ptbyl/AxisBank
15/09/2024,,2904.36,CR,21012.6,UPI/7e79y6xfym96@paytm
15/09/2024,,488.16,DR,20524.44,UPI/krz89watn9bg@axl/P2M/58tm2u51@ptbyl/Flipkart
15/09/2024,985936,1276.02,DR,19248.42,UPI/k9zjlxyldaxi@ybl/P2M/35rp1tdr@oksbi/Paytm
15/09/2024,560099,1315.82,DR,17932.6,UPI/smj15ms0tyw7@okaxis/P2M/ick8sgc5@paytm/BigBazaar
15/09/2024,,1415.15,DR,16517.45,UPI/84c0eqd15bk4@paytm/P2M/8o279lqg@ptbyl/Amazon
15/09/2024,718126,3080.21,CR,19597.66,UPI/kzmtoz6vyooj@ybl
15/09/2024,,1213.15,DR,18384.51,UPI/zxc5uzyxozta@axl/P2M/311vjbwb@oksbi/AxisBank
15/09/2024,,401.88,DR,17982.63,UPI/n3f5wta8mc44@okhdfc/P2M/eff0nskj@ptbsi/AxisBank
15/09/2024,839772,203.42,DR,17779.21,UPI/c1xy37i8fiqu@okhdfc/P2M/7opuupdn@oksbi/AxisBank
14/09/2024,501723,1341.81,DR,16437.4,UPI/k9jfhzpy2g6b@ybl/P2M/uw30wcrh@oksbi/Chala
14/09/2024,,1228.57,DR,15208.83,UPI/u8x5jwtkfweu@okaxis/P2M/0izfuiw5@paytm/Airtel
14/09/2024,,177.47,DR,15031.36,UPI/fe0e452u9aqi@axl/P2M/r7xxpmxr@ptbyl/Flipkart
14/09/2024,,239.61,DR,14791.75,UPI/2sf5u7v4ay8d@paytm/P2M/nb2p1vge@paytm/Amazon
14/09/2024,,1283.09,CR,16074.84,UPI/31es84xpc1gt@oksbi
14/09/2024,,125.96,DR,15948.88,UPI/lsa6fd4g316c@okaxis/P2M/wddjxm6x@oksbi/Paytm
14/09/2024,,1139.98,DR,14808.9,UPI/0k377lza3750@okaxis/P2M/k1i4jhmv@ptbyl/Edara
14/09/2024,,4181.87,CR,18990.77,UPI/8gwlwupk9ha3@oksbi
14/09/2024,,896.41,DR,18094.36,UPI/6n7b5e59qqtd@oksbi/P2M/e8m4jiwb@ptbyl/Airtel
14/09/2024,,3813.4,CR,21907.76,UPI/9t1097y9kdjd@okhdfc
14/09/2024,,796.45,DR,21111.31,UPI/00si1kgr23pk@ybl/P2M/od6mdstv@oksbi/Flipkart
14/09/2024,,2200.04,CR,23311.35,UPI/emhxuo41lymn@axl
14/09/2024,632059,357.39,DR,22953.96,UPI/wbzhbzvppz0e@ybl/P2M/lu4rcj65@ptbsi/Edara
14/09/2024,,807.68,DR,22146.28,UPI/bp0ec7fc8meg@oksbi/P2M/mq4nsmuh@ptbsi/AxisBank
13/09/2024,,1060.78,DR,21085.5,UPI/gcreoe4nxp19@okaxis/P2M/psha8rt9@oksbi/Amazon
13/09/2024,537851,775.08,DR,20310.42,UPI/rih1oh2zhy9h@oksbi/P2M/v2ev4mtv@paytm/VENNA
13/09/2024,,3724.48,CR,24034.9,UPI/1ny3dhnycit3@paytm
13/09/2024,884112,311.66,DR,23723.24,UPI/8j1l8cem4v8j@paytm/P2M/yxjrq0hr@ptbyl/Chala
13/09/2024,,23.43,DR,23699.81,UPI/tjygpuq0f2pj@paytm/P2M/pes9w2ya@paytm/Edara
13/09/2024,188274,111.33,DR,23588.48,UPI/vlnk0ltt8alr@axl/P2M/vwvly1af@ptbsi/Amazon
13/09/2024,801399,43.78,DR,23544.7,UPI/mu54yw2jd0cl@okaxis/P2M/p0dns2av@ptbsi/Amazon
13/09/2024,162217,464.57,DR,23080.13,UPI/q5gm1gi6ei0c@ybl/P2M/6xwmc9dq@paytm/AxisBank
13/09/2024,,424.32,DR,22655.81,UPI/2f302g07pygz@okaxis/P2M/34k7z5ny@ptbyl/VENNA
13/09/2024,,303.59,CR,22959.4,UPI/a6k78krxvda9@axl
13/09/2024,516958,152.31,DR,22807.09,UPI/b4ljat9bpqrv@oksbi/P2M/u19lxmhg@ptbsi/Flipkart
13/09/2024,850698,330.1,DR,22476.99,UPI/7g6c2o0pjbn8@paytm/P2M/am0tjuxm@paytm/Edara
13/09/2024,821723,460.87,DR,22016.12,UPI/nbudguqcahve@paytm/P2M/obl5lxft@ptbyl/BigBazaar
13/09/2024,,248.62,DR,21767.5,UPI/lom7mdrirt33@axl/P2M/28moj9b9@paytm/VENNA
12/09/2024,246061,2745.53,CR,24513.03,UPI/65a8jt1gssc4@okhdfc
12/09/2024,290076,1192.6,DR,23320.43,UPI/a9h0g10az9is@okaxis/P2M/636pne7d@ptbyl/Paytm
12/09/2024,571121,803.06,DR,22517.37,UPI/1k0j7o0pv0yc@paytm/P2M/kicfoq7b@paytm/VENNA
12/09/2024,,1374.15,DR,21143.22,UPI/bkaaj3shnzb3@okhdfc/P2M/086a4xs5@oksbi/AxisBank
12/09/2024,,1118.99,DR,20024.23,UPI/dl9q0thmmgol@ybl/P2M/8kcn73rl@ptbsi/Flipkart
12/09/2024,121920,787.46,DR,19236.77,UPI/8m2l76qxtqe3@paytm/P2M/lrptjxrz@oksbi/Edara
12/09/2024,,319.14,DR,18917.63,UPI/1dl3nixgysp9@ybl/P2M/o43qsou0@oksbi/VENNA
12/09/2024,,1308.46,DR,17609.17,UPI/e5gxep70bkzn@okaxis/P2M/0wziiwo3@oksbi/Flipkart
12/09/2024,,938.65,DR,16670.52,UPI/lf226b42das5@okaxis/P2M/ziu6f7oa@ptbyl/Paytm
12/09/2024,770315,1119.54,DR,15550.98,UPI/rlfmww72zcf4@oksbi/P2M/58adse1j@oksbi/Chala
12/09/2024,,124.06,DR,15426.92,UPI/po7jh2jkz9ar@oksbi/P2M/r0n9n11e@ptbyl/Chala
12/09/2024,651714,47.13,DR,15379.79,UPI/c54p99v7wryr@paytm/P2M/0opmc7ai@paytm/AxisBank
12/09/2024,,813.36,DR,14566.43,UPI/khoegf3eyro9@ybl/P2M/z9brkr75@oksbi/Amazon
12/09/2024,130743,1425.03,DR,13141.4,UPI/kdj1z7hfswdh@ybl/P2M/53dcovnc@ptbsi/Paytm
11/09/2024,697755,2091.27,CR,15232.67,UPI/p1y5gtuh6vvl@axl
11/09/2024,,750.4,DR,14482.27,UPI/zwi5tw31kky4@oksbi/P2M/3q2lz252@ptbsi/VENNA
11/09/2024,757982,915.32,DR,13566.95,UPI/eaat0t425j18@paytm/P2M/f08xol5e@ptbsi/Airtel
11/09/2024,311660,1313.5,DR,12253.45,UPI/9unsmnr8czk1@okaxis/P2M/xub36wyx@paytm/VENNA
11/09/2024,587894,1134.86,DR,11118.59,UPI/1lfaxabmbfxn@okaxis/P2M/2rbe5b6j@ptbsi/Chala
11/09/2024,,520.97,CR,11639.56,UPI/lbvuhpha235m@axl
11/09/2024,,1293.88,DR,10345.68,UPI/nnlullz4lo1k@paytm/P2M/fitctxns@oksbi/BigBazaar
11/09/2024,865549,354.18,DR,9991.5,UPI/jvbks7ed1rge@paytm/P2M/4htx5wpf@ptbyl/Chala
11/09/2024,174179,1254.93,DR,8736.57,UPI/f0azfdi83ggg@ybl/P2M/ocg4nihz@oksbi/Amazon
11/09/2024,,906.86,DR,7829.71,UPI/m1cqwn30zdwb@oksbi/P2M/kw23bgbu@oksbi/VENNA
11/09/2024,,4308.59,CR,12138.3,UPI/dhzqdrke8eoh@axl
11/09/2024,,184.99,DR,11953.31,UPI/d4p9zixc5srx@axl/P2M/13q5mu23@paytm/BigBazaar
11/09/2024,,678.28,DR,11275.03,UPI/8qk7p9tjv6pt@okhdfc/P2M/quihv6d8@ptbyl/Airtel
11/09/2024,759256,746.97,DR,10528.06,UPI/145saton5qu8@okaxis/P2M/bcvhrzw9@ptbsi/Flipkart
10/09/2024,,1251.36,DR,9276.7,UPI/chyy3wv7ly94@okaxis/P2M/c55zwr5m@ptbyl/Chala
10/09/2024,526695,962.98,DR,8313.72,UPI/526q3jxvh63l@okaxis/P2M/vkk1wqz5@ptbsi/VENNA
10/09/2024,,1100.01,DR,7213.71,UPI/cte0yckpf5x5@oksbi/P2M/jy2ecxaq@oksbi/Paytm
10/09/2024,,61.33,DR,7152.38,UPI/t7ymb4f4lf7p@okaxis/P2M/uwaflzth@oksbi/Amazon
10/09/2024,,1183.0,DR,5969.38,UPI/btogigj1mmso@okhdfc/P2M/belfog05@oksbi/Chala
10/09/2024,,226.0,DR,5743.38,UPI/0ff7fa9wwrhy@okhdfc/P2M/me27s2t2@ptbyl/Chala
10/09/2024,995690,283.24,DR,5460.14,UPI/evgdz2jsa01y@ybl/P2M/8qgjk907@ptbsi/BigBazaar
10/09/2024,,308.44,DR,5151.7,UPI/iv1xwabvcmqc@okhdfc/P2M/82dlmhsf@paytm/Chala
10/09/2024,228946,617.86,DR,4533.84,UPI/9o0zbf54i9i3@axl/P2M/94dz9bn5@ptbsi/Edara
10/09/2024,,495.3,DR,4038.54,UPI/394gxr6yeqe1@oksbi/P2M/q2qdnq8p@ptbsi/Airtel
10/09/2024,,533.33,DR,3505.21,UPI/dbj1xk3j0qqe@okaxis/P2M/lps67zeq@oksbi/Amazon
10/09/2024,721912,1395.31,DR,2109.9,UPI/fwau8z0z9spb@okaxis/P2M/anzago1e@ptbyl/Airtel
10/09/2024,,900.85,DR,1209.05,UPI/gg4e032ft4qz@okhdfc/P2M/ahd0j8xk@ptbyl/Flipkart
09/09/2024,,84.85,DR,1124.2,UPI/bp7mwj860ted@paytm/P2M/mx132dan@paytm/Amazon
09/09/2024,,1086.86,DR,37.34,UPI/u5ukt8mh27uy@paytm/P2M/2rpwzwbd@ptbsi/Flipkart
09/09/2024,,583.25,CR,620.59,UPI/ue69i9unhd12@okhdfc
08/09/2024,,990.73,CR,1611.32,UPI/46lkdfjm7cir@ybl
08/09/2024,337370,3018.47,CR,4629.79,UPI/tkk3a5lerw8q@paytm
08/09/2024,105598,251.76,DR,4378.03,UPI/xf1zw281lqui@ybl/P2M/q7prdxlw@ptbyl/Chala
08/09/2024,583368,257.55,DR,4120.48,UPI/zyquhop9lkk8@oksbi/P2M/lay4pniv@ptbyl/Amazon
08/09/2024,208999,957.95,DR,3162.53,UPI/nknjw7cc9ts1@axl/P2M/d0xyh4fo@paytm/VENNA
08/09/2024,197039,1250.38,DR,1912.15,UPI/6jkphjoztdkn@ybl/P2M/rccw3zm4@paytm/Edara
08/09/2024,,30.02,DR,1882.13,UPI/h4e10u5zoir0@okhdfc/P2M/l30b77ew@ptbsi/Chala
08/09/2024,179452,4282.15,CR,6164.28,UPI/xkjy8hddky5f@ybl
08/09/2024,,2704.84,CR,8869.12,UPI/l7t77y6ajzne@oksbi
08/09/2024,,3533.91,CR,12403.03,UPI/am640q7flg4m@okaxis
08/09/2024,,1040.89,DR,11362.14,UPI/ws8aph7j4ze0@okaxis/P2M/2qvo1jwu@paytm/BigBazaar
08/09/2024,,520.73,DR,10841.41,UPI/jdfenh46q3df@axl/P2M/eh5y7u8r@oksbi/BigBazaar
08/09/2024,804131,493.12,DR,10348.29,UPI/k677dz5rc4kh@oksbi/P2M/rl65u925@ptbsi/Edara
07/09/2024,121150,109.99,DR,10238.3,UPI/s24yb6jttr57@axl/P2M/91lsf9d8@ptbsi/BigBazaar
07/09/2024,,553.41,DR,9684.89,UPI/gi1kw17ki1d8@ybl/P2M/tugesdze@oksbi/Airtel
07/09/2024,535331,331.3,DR,9353.59,UPI/f8ffbrcyoxsl@okaxis/P2M/tp59hmff@ptbsi/Chala
07/09/2024,,922.7,DR,8430.89,UPI/i7irog7pth8o@axl/P2M/c28ez4q6@oksbi/VENNA
07/09/2024,,155.06,DR,8275.83,UPI/16lyagem7jif@paytm/P2M/8cuirwe8@oksbi/Flipkart
07/09/2024,,58.89,DR,8216.94,UPI/mxnt08o1m3zd@ybl/P2M/et4o8dj7@paytm/Paytm
07/09/2024,,439.57,DR,7777.37,UPI/7luny24itvoj@paytm/P2M/rj3zmj5u@ptbyl/Chala
07/09/2024,,1282.09,DR,6495.28,UPI/vai8ieie03uz@axl/P2M/gbfb28q7@ptbsi/Paytm
07/09/2024,,179.93,DR,6315.35,UPI/b73md974ryy6@okhdfc/P2M/lvtyhn49@paytm/VENNA
07/09/2024,,1154.63,DR,5160.72,UPI/j6qybpx5wb99@paytm/P2M/z2jz9jmb@paytm/Amazon
07/09/2024,848895,712.21,DR,4448.51,UPI/3kzkgjn9p30o@okaxis/P2M/2fkmlakh@ptbsi/Edara
07/09/2024,,1468.97,DR,2979.54,UPI/1cga0ooxbsoq@ybl/P2M/xcaa4cen@ptbyl/Amazon
07/09/2024,,4180.53,CR,7160.07,UPI/lyn3v6m7e6xc@oksbi
06/09/2024,585433,90.49,DR,7069.58,UPI/lqbizvvxq24s@ybl/P2M/v8p2rq8m@ptbyl/Flipkart
06/09/2024,604590,854.92,DR,6214.66,UPI/ydrzzsk29598@oksbi/P2M/udodyrze@oksbi/Paytm
06/09/2024,510522,1179.94,DR,5034.72,UPI/y9hrhs987wo3@paytm/P2M/4qyddz9e@oksbi/BigBazaar
06/09/2024,,877.84,DR,4156.88,UPI/mry0gcldmm14@ybl/P2M/fy2fkad0@ptbyl/BigBazaar
06/09/2024,,4867.06,CR,9023.94,UPI/03j9j8f8k614@paytm
06/09/2024,,1225.63,DR,7798.31,UPI/424nn9sdbi5v@okhdfc/P2M/zqf5rdjz@ptbsi/Airtel
06/09/2024,,975.61,DR,6822.7,UPI/dy4yjqz3967d@axl/P2M/v935ukc1@ptbsi/AxisBank
06/09/2024,,509.68,DR,6313.02,UPI/igmc45mlctvz@ybl/P2M/6219p8ir@oksbi/VENNA
06/09/2024,,331.54,DR,5981.48,UPI/zgphqjiqbi0f@paytm/P2M/hjx2t03g@oksbi/Chala
06/09/2024,,1034.68,DR,4946.8,UPI/02f437u80px2@paytm/P2M/papqbcuu@ptbsi/Chala
06/09/2024,752180,1199.47,DR,3747.33,UPI/27iyk1qht165@axl/P2M/6m5l54ww@oksbi/AxisBank
06/09/2024,,742.08,DR,3005.25,UPI/j7202tda0drb@okhdfc/P2M/hib2sxbx@ptbyl/Chala
06/09/2024,,1476.71,DR,1528.54,UPI/y6y8k4dcd930@oksbi/P2M/pypm4oe4@ptbsi/Edara
05/09/2024,,988.62,DR,539.92,UPI/ihxejn2k8otm@paytm/P2M/ocon9s40@oksbi/BigBazaar
05/09/2024,200560,3726.51,CR,4266.43,UPI/obntzttikkkp@paytm
05/09/2024,818856,80.43,DR,4186.0,UPI/1uhvu61lpmuh@ybl/P2M/okcz69cf@paytm/Amazon
05/09/2024,,4466.15,CR,8652.15,UPI/q0ywp1ws8lv0@okhdfc
05/09/2024,723040,910.63,DR,7741.52,UPI/g2485yc34rw4@ybl/P2M/y05m5kal@oksbi/AxisBank
05/09/2024,544226,562.51,DR,7179.01,UPI/ujjfg14oy70e@ybl/P2M/lv3yx3b1@ptbsi/Airtel
05/09/2024,669441,931.32,DR,6247.69,UPI/p1m4r4eo773v@okhdfc/P2M/2mushohc@oksbi/Chala
05/09/2024,,848.53,DR,5399.16,UPI/zcsyezd79dnx@ybl/P2M/gpw6y3hn@ptbsi/Paytm
05/09/2024,,296.38,CR,5695.54,UPI/058iv5ejjqz2@oksbi
05/09/2024,448864,748.28,DR,4947.26,UPI/inkbsxyg6bss@paytm/P2M/8v3j5kl3@ptbyl/VENNA
05/09/2024,891880,1191.26,DR,3756.0,UPI/hjig3n1eqfvv@paytm/P2M/3wesn9e2@ptbsi/BigBazaar
04/09/2024,,2972.25,CR,6728.25,UPI/i55o6x13eehj@paytm
04/09/2024,,172.99,DR,6555.26,UPI/6ukoz9u63loi@oksbi/P2M/da50g3yp@oksbi/Amazon
04/09/2024,,1461.14,DR,5094.12,UPI/tak5yhiyrbpc@okhdfc/P2M/rl50b2qj@ptbyl/AxisBank
04/09/2024,,4417.92,CR,9512.04,UPI/pagw1pjrdbrp@okhdfc
04/09/2024,,717.23,DR,8794.81,UPI/l4ok4y59nysc@paytm/P2M/nrnk28q7@oksbi/Chala
04/09/2024,340749,158.09,DR,8636.72,UPI/nwic6sazxl82@ybl/P2M/aso5eir1@oksbi/AxisBank
04/09/2024,,2245.63,CR,10882.35,UPI/l125u9b6cm88@ybl
04/09/2024,,187.53,DR,10694.82,UPI/475egzr3hqkf@paytm/P2M/yjv5wgvn@paytm/VENNA
04/09/2024,,1356.28,DR,9338.54,UPI/qvkbm17ftfby@okaxis/P2M/w3gp29vr@paytm/VENNA
04/09/2024,,203.96,DR,9134.58,UPI/fj9i80ctt4d5@oksbi/P2M/rzp2kbp2@paytm/VENNA
04/09/2024,,1191.5,DR,7943.08,UPI/xhf9qhj3b5nm@okaxis/P2M/wpkyda8z@paytm/Paytm
04/09/2024,,185.26,DR,7757.82,UPI/2jrmcowsbfjs@okaxis/P2M/s5t41c0b@paytm/Edara
04/09/2024,,225.06,DR,7532.76,UPI/v4502siy3vs0@paytm/P2M/a075l72j@ptbsi/BigBazaar
03/09/2024,,734.53,DR,6798.23,UPI/bz57qoq1js3a@ybl/P2M/6aa7psdo@ptbyl/Chala
03/09/2024,,1274.15,DR,5524.08,UPI/h3i4zgo2w8po@paytm/P2M/x15bx0ql@oksbi/Flipkart
03/09/2024,578829,399.87,DR,5124.21,UPI/vndqe5wawmfs@ybl/P2M/py9m2jxt@paytm/Chala
03/09/2024,,303.85,DR,4820.36,UPI/gdnbgjqbjdai@oksbi/P2M/o3gymf7k@paytm/AxisBank
03/09/2024,235870,4047.8,CR,8868.16,UPI/4s430ny4a161@paytm
03/09/2024,484665,4721.93,CR,13590.09,UPI/oo6m7h2inadu@okhdfc
03/09/2024,,1142.77,DR,12447.32,UPI/3e7jiz6dpxa3@ybl/P2M/di4b95dk@paytm/Amazon
03/09/2024,,278.86,DR,12168.46,UPI/hdxeay650qj6@ybl/P2M/lk1q7cg6@ptbyl/AxisBank
03/09/2024,480073,1416.81,DR,10751.65,UPI/fl8drpvusgsm@okhdfc/P2M/s3gyy052@ptbsi/Airtel
03/09/2024,307207,317.32,DR,10434.33,UPI/efjv2bcum6qv@axl/P2M/lmfubgxn@paytm/BigBazaar
03/09/2024,,934.37,CR,11368.7,UPI/f5cltoickq8e@oksbi
03/09/2024,620083,1386.86,DR,9981.84,UPI/f8q1evn0rn59@ybl/P2M/egohevex@oksbi/Flipkart
03/09/2024,214973,413.65,DR,9568.19,UPI/4wyi3sf5ktfq@ybl/P2M/qtues48a@paytm/BigBazaar
02/09/2024,,4703.24,CR,14271.43,UPI/hdv96zpgcf3x@ybl
02/09/2024,,779.75,DR,13491.68,UPI/1pvzjk6batc7@ybl/P2M/tj8m3qpo@oksbi/Amazon
02/09/2024,,1079.37,DR,12412.31,UPI/fl5xoimdubua@paytm/P2M/2eje8i37@ptbyl/Paytm
02/09/2024,,1005.79,DR,11406.52,UPI/j7nk6c0tqzm2@axl/P2M/nsk4g6vh@ptbyl/AxisBank
02/09/2024,,535.43,DR,10871.09,UPI/vwzb1w1jkwfb@axl/P2M/y612hy4d@paytm/Chala
02/09/2024,280805,836.32,CR,11707.41,UPI/gdgz3xo6wmx1@ybl
02/09/2024,,1320.15,DR,10387.26,UPI/uburlrikfn1g@axl/P2M/3sovuufu@paytm/VENNA
02/09/2024,455748,324.99,DR,10062.27,UPI/ybfs0r0ub62l@okhdfc/P2M/hnnjbccs@ptbyl/Flipkart
02/09/2024,,1179.31,DR,8882.96,UPI/nv1v5i09hwge@okaxis/P2M/esj5r6p1@paytm/Chala
02/09/2024,,2454.7,CR,11337.66,UPI/rc4bh02r9xj5@oksbi
02/09/2024,,862.27,DR,10475.39,UPI/plnuu7o3ljs2@ybl/P2M/i1rqfal0@oksbi/Flipkart
02/09/2024,856374,1187.36,DR,9288.03,UPI/veo5oimky5oh@axl/P2M/syy1zic6@ptbsi/Flipkart
02/09/2024,131300,1117.19,DR,8170.84,UPI/i4y5r8v1xq1h@axl/P2M/2yq0wrio@ptbsi/Paytm
01/09/2024,,1027.46,DR,7143.38,UPI/9cku8btwd6bw@paytm/P2M/n0emeovf@oksbi/Paytm
01/09/2024,,744.18,DR,6399.2,UPI/lqohg7gpqy3u@paytm/P2M/e1wpuvz3@ptbyl/Paytm
01/09/2024,961772,246.5,DR,6152.7,UPI/46mdxy2csr3g@oksbi/P2M/kpxmnz84@paytm/Paytm
01/09/2024,,1396.47,DR,4756.23,UPI/skbdrksa2z4p@axl/P2M/ogijxbee@paytm/Edara
01/09/2024,,1316.45,CR,6072.68,UPI/hkj9c1ncy26p@paytm
01/09/2024,,1167.04,DR,4905.64,UPI/boewjuedg79a@oksbi/P2M/ndh68ih4@paytm/VENNA
01/09/2024,993867,1137.6,DR,3768.04,UPI/xys5p9vgt5bi@axl/P2M/95g1j2h4@ptbyl/VENNA
01/09/2024,171878,702.19,DR,3065.85,UPI/d3ay9r8adq35@okhdfc/P2M/98nx95tj@ptbyl/Edara
01/09/2024,,640.88,DR,2424.97,UPI/sxlowod0dxoy@ybl/P2M/73e70kra@ptbsi/VENNA
01/09/2024,,1355.65,DR,1069.32,UPI/8kc45tofoddf@paytm/P2M/iofd5h0o@ptbsi/Paytm
01/09/2024,989701,4367.58,CR,5436.9,UPI/rsccxkej55k6@axl
01/09/2024,572355,859.83,DR,4577.07,UPI/je5gpmpsjlqp@okhdfc/P2M/7t0i9t46@paytm/Flipkart
01/09/2024,,1470.17,DR,3106.9,UPI/aa717fty7jah@paytm/P2M/mkt0l0pe@ptbyl/Edara
